@article{Abbate2016,
author = {Cheryl E. Abbate},
journal = {Journal of Animal Ethics},
number = {1},
pages = {54--66},
title = {``Higher'' and ``Lower'' Political Animals: A Critical Analysis of {A}ristotle's Account of the Political Animal},
volume = {6},
year = {2016},
doi = {10.5406/janimalethics.6.1.0054}
}

@book{Adorno1950,
address = {New York},
author = {Adorno, T. W. and Frenkel-Brunswick, E. and Levinson, D. and Sanford, R.},
publisher = {Harper & Brothers},
title = {The Authoritarian Personality},
year = {1950}
}

@article{Aktipis2016,
title = {Cooperation in an uncertain world: For the {M}aasai of {E}ast {A}frica, need-based transfers outperform account-keeping in volatile environments},
author = {Aktipis, Athena and {de Aguiar}, Rolando and Flaherty, Anna and Iyer, Padmini and Sonkoi, Dennis and Cronk, Lee},
doi = {10.1007/s10745-016-9823-z},
journal = {Human Ecology},
volume = {44},
number = {3},
pages = {353--364},
year = {2016},
publisher = {Springer}
}

@article{Aktipis2018,
author = {Aktipis, Athena and Cronk, Lee and Alcock, Joe and Ayers, Jessica D. and Baciu, Cristina and Balliet, Daniel and Boddy, Amy M. and Curry, Oliver Scott and Krems, Jaimie Arona and Mu{\~{n}}oz, Andr{\'{e}}s and Sullivan, Daniel and Sznycer, Daniel and Wilkinson, Gerald S. and Winfrey, Pamela},
doi = {10.1038/s41562-018-0378-4},
issn = {23973374},
journal = {Nature Human Behaviour},
number = {7},
pages = {429--431},
title = {Understanding cooperation through fitness interdependence},
volume = {2},
year = {2018}
}

@incollection{Alesina2011,
author = {Alesina, Alberto and Giuliano, Paola},
booktitle = {Handbook of Social Economics},
editor = {Benhabib, J. and Bisin, A. and Jackson, M. O.},
doi = {10.1016/B978-0-444-53187-2.00004-8},
issn = {15706435},
keywords = {Cultural economics,Inequality,Preferences for redistribution,Social mobility},
number = {1 B},
pages = {93--131},
title = {Preferences for redistribution},
volume = {1},
year = {2011}
}

@article{Alford2004,
author = {Alford, John R. and Hibbing, John R.},
doi = {10.1017/S1537592704040460},
issn = {15410986},
journal = {Perspectives on Politics},
number = {4},
pages = {707--723},
title = {The origin of politics: an evolutionary theory of political behavior},
volume = {2},
year = {2004}
}

@article{Alford2005,
author = {Alford, John R. and Funk, Carolyn L. and Hibbing, John R.},
doi = {10.1017/S0003055405051579},
isbn = {0003-0554},
issn = {15375943},
journal = {American Political Science Review},
number = {2},
pages = {153--167},
pmid = {214418733},
title = {Are political orientations genetically transmitted?},
volume = {99},
year = {2005}
}

@book{Altemeyer1981,
author = {Altemeyer, Bob},
isbn = {0887551246},
publisher = {University of Manitoba Press},
title = {Right-Wing Authoritarianism},
year = {1981}
}

@book{Altemeyer1996,
title = {The authoritarian specter},
author = {Altemeyer, Bob},
year = {1996},
publisher = {Harvard University Press}
}

@incollection{Anderson2005,
author = {Anderson, Lisa R. and Mellor, Jennifer M. and Milyo, Jeffrey},
booktitle = {Advances in Applied Microeconomics},
editor = {Morgan, J.},
publisher = {Emerald Group Publishing Limited},
address = {Bingley},
doi = {10.1016/S0278-0984(05)13005-3},
isbn = {0762311940},
issn = {02780984},
pages = {107--131},
title = {Do Liberals Play Nice? The Effects of Party and Political Ideology in Public Goods and Trust Games},
volume = {13},
year = {2005}
}

@book{Aristotle,
author = {Aristotle},
year = {1998},
title = {Politics},
publisher = {Hackett Publishing Company, Inc. ({Original work published 370 B.C.E})}
}

@article{Asbrock2010,
author = {Asbrock, Frank and Sibley, Chris G. and Duckitt, John},
title = {Right-wing authoritarianism and social dominance orientation and the dimensions of generalized prejudice: A longitudinal test},
journal = {European Journal of Personality},
volume = {24},
number = {4},
pages = {324-340},
keywords = {Dual Process Model, Right-Wing Authoritarianism, Social Dominance Orientation, generalized prejudice, longitudinal},
doi = {10.1002/per.746},
url = {https://onlinelibrary.wiley.com/doi/abs/10.1002/per.746},
eprint = {https://onlinelibrary.wiley.com/doi/pdf/10.1002/per.746},
year = {2010}
}

@inproceedings{Ashton2005,
title = {Two dimensions of political attitudes and their individual difference correlates: a cross-cultural perspective},
author = {Ashton, M. C. and Danso, H. A. and Maio, G. R. and Esses, V. M. and Bond, M. H. and Keung, D. K. Y.},
year = {2005},
series = {Ontario Symposia on Personality and Social Psychology Series},
pages = {1--29},
editor = {Sorrentino, R. M. and Cohen, D. and Olsen, J. M. and Zanna, M. P.},
booktitle = {Culture and Social Behavior},
publisher = {Erlbaum},
address = {Mahwah, NJ}
}

@article{Bakker2020,
author = {Bakker, Bert N. and Schumacher, Gijs and Gothreau, Claire and Arceneaux, Kevin},
issn = {2397-3374},
journal = {Nature Human Behaviour},
pages = {613--621},
title = {Conservatives and liberals have similar physiological responses to threats},
doi = {10.1038/s41562-020-0823-z},
volume = {4},
number = {6},
year = {2020}
}

@article{Balliet2016,
author = {Balliet, Daniel and Tybur, Joshua M. and Wu, Junhui and Antonellis, Christian and {van Lange}, Paul A. M.},
doi = {10.1177/0022002716658694},
issn = {0022-0027},
journal = {Journal of Conflict Resolution},
keywords = {cooperation,in-group favoritism,political ideology,right-wing authoritarianism,social dominance orientation,trust},
number = {4},
pages = {797--818},
title = {Political ideology, trust, and cooperation: in-group favoritism among {R}epublicans and {D}emocrats during a {US} national election},
url = {http://journals.sagepub.com/doi/10.1177/0022002716658694{\%}5Cnhttp://jcr.sagepub.com/cgi/doi/10.1177/0022002716658694},
volume = {62},
year = {2016}
}

@book{Barkow1992,
address = {New York, NY, US},
author = {Barkow, Jerome H and Cosmides, Leda and Tooby, John},
isbn = {0-19-506023-7 (Hardcover); 0-19-510107-3 (Paperback)},
keywords = {*Culture (Anthropological),*Psychology,*Theory of Evolution,Adaptation},
publisher = {Oxford University Press},
title = {The Adapted Mind: Evolutionary Psychology and the Generation of Culture},
year = {1992}
}

@article{Bartels2002,
title = {Beyond the running tally: Partisan bias in political perceptions},
author = {Bartels, Larry M},
journal = {Political behavior},
volume = {24},
number = {2},
pages = {117--150},
year = {2002},
publisher = {Springer},
doi = {10.1023/A:1021226224601}
}

@article{Batricevic2017,
author = {Batri{\'{c}}evi{\'{c}}, Nemanja and Littvay, Levente},
doi = {10.1007/s11211-017-0297-y},
issn = {08857466},
journal = {Social Justice Research},
keywords = {Egalitarianism,Equality,Genes,Genetics,Social justice,Twin studies},
number = {4},
pages = {408--437},
title = {A genetic basis of economic egalitarianism},
volume = {30},
year = {2017}
}

@article{Bauer2014,
author = {Bauer, Michal and Cassar, Alessandra and Chytilov{\'{a}}, Julie and Henrich, Joseph},
doi = {10.1177/0956797613493444},
issn = {14679280},
journal = {Psychological Science},
keywords = {childhood development,cooperation,economic experiment,egalitarianism,evolutionary psychology,intergroup competition,parochialism,social behavior,war},
number = {1},
pages = {47--57},
title = {War's enduring effects on the development of egalitarian motivations and in-group biases},
volume = {25},
year = {2014}
}

@article{Baumard2013,
title = {A mutualistic approach to morality: The evolution of fairness by partner choice},
volume = {36},
doi = {10.1017/S0140525X11002202},
number = {1},
journal = {Behavioral and Brain Sciences},
publisher = {Cambridge University Press},
author = {Baumard, Nicolas and Andr{\'e}, Jean-Baptiste and Sperber, Dan}, 
year = {2013},
pages = {59--78}
}

@misc{Bayer2018,
author = {Bayer, Lili},
booktitle = {Politico},
title = {The new communists},
url = {https://www.politico.eu/article/new-communists-hungary-poland-viktor-orban-jaroslaw-kaczynski/},
year = {2018}
}

@article{Bear2016,
author = {Bear, Adam and Rand, David G.},
doi = {10.1073/pnas.1517780113},
issn = {10916490},
journal = {Proceedings of the National Academy of Sciences of the United States of America},
keywords = {Cooperation,Dual process,Evolutionary game theory,Heuristics,Prisoner's dilemma},
number = {4},
pages = {936--941},
title = {Intuition, deliberation, and the evolution of cooperation},
volume = {113},
year = {2016}
}

@article{Benjamin2006,
title = {The relationship between right-wing authoritarianism and attitudes toward violence: Further validation of the {A}ttitudes {T}oward {V}iolence {S}cale},
author = {Benjamin, Arlin James},
journal = {Social Behavior and Personality: an international journal},
volume = {34},
number = {8},
pages = {923--926},
year = {2006},
publisher = {Scientific Journal Publishers},
doi = {10.2224/sbp.2006.34.8.923}
}

@article{Benz2008,
author = {Benz, Matthias and Meier, Stephan},
doi = {10.1007/s10683-007-9192-y},
issn = {13864157},
journal = {Experimental Economics},
keywords = {Charitable giving,Experiments,External validity,Methodology},
number = {3},
pages = {268--281},
title = {Do people behave in experiments as in the field? - evidence from donations},
volume = {11},
year = {2008}
}

@article{Bernhard2006,
author = {Bernhard, Helen and Fischbacher, Urs and Fehr, Ernst},
doi = {10.1038/nature04981},
issn = {14764687},
journal = {Nature},
number = {7105},
pages = {912--915},
title = {Parochial altruism in humans},
volume = {442},
year = {2006}
}

@article{Billingsley2018,
author = {Joseph Billingsley and Debra Lieberman and Joshua M. Tybur},
title = {Sexual Disgust Trumps Pathogen Disgust in Predicting Voter Behavior During the 2016 {U.S.} {P}residential Election},
journal = {Evolutionary Psychology},
volume = {16},
number = {2},
pages = {1474704918764170},
year = {2018},
doi = {10.1177/1474704918764170},
URL = {https://doi.org/10.1177/1474704918764170},
eprint = {https://doi.org/10.1177/1474704918764170}
}

@article{Bird2019,
author = {Bird, Douglas W. and {Bliege Bird}, Rebecca and Codding, Brian F. and Zeanah, David W.},
doi = {10.1016/j.jhevol.2019.03.005},
issn = {00472484},
journal = {Journal of Human Evolution},
keywords = {Foraging groups,Indigenous Australia,Social brain hypothesis,Social organization},
pages = {96--108},
publisher = {Elsevier Ltd},
title = {Variability in the organization and size of hunter-gatherer groups: foragers do not live in small-scale societies},
url = {https://doi.org/10.1016/j.jhevol.2019.03.005},
volume = {131},
number = {S13},
year = {2019}
}

@article{Blanchet2021,
author = {Blanchet, Alexandre and Landry, Normand},
doi = {10.3389/fpos.2021.660881},
journal = {Frontiers in Political Science},
pages = {35},
title = {Authoritarianism and Attitudes Toward Welfare Recipients Under {C}ovid-19 Shock},
volume = {3},
year = {2021}
}

@article{Block2006,
author = {Block, Jack and Block, Jeanne H.},
doi = {10.1016/j.jrp.2005.09.005},
isbn = {0092-6566},
issn = {00926566},
journal = {Journal of Research in Personality},
keywords = {Longitudinal,Personality,Political attitudes,Q-sort assessment},
number = {5},
pages = {734--749},
title = {Nursery school personality and political orientation two decades later},
volume = {40},
year = {2006}
}

@article{Boehm1993,
author = {Boehm, Christopher},
doi = {10.1086/204166},
isbn = {00113204},
issn = {0011-3204},
journal = {Current Anthropology},
number = {3},
pages = {227--254},
pmid = {2743665},
title = {Egalitarian behavior and reverse dominance hierarchy},
volume = {34},
year = {1993}
}

@article{Boski1993,
author = {Boski, Pawe{\l}},
issn = {1641-7844},
journal = {Polish Psychological Bulletin},
pages = {151--170},
publisher = {Versita},
title = {Socio-political value orientations among {P}oles in {P}residential '90 and {P}arliamentary '91 elections.},
volume = {24},
number = {2},
year = {1993}
}

@article{Braithwaite1994,
author = {Braithwaite, Valerie},
doi = {10.1111/j.1540-4560.1994.tb01198.x},
isbn = {9411200006760},
issn = {15404560},
journal = {Journal of Social Issues},
number = {4},
pages = {67--94},
title = {Beyond {R}okeach's equality-freedom model: two-dimensional values in a one-dimensional world},
volume = {50},
year = {1994}
}

@article{Brandt2014,
author = {Brandt, Mark J and Reyna, Christine and Chambers, John R and Crawford, Jarret T and Wetherell, Geoffrey},
doi = {10.1177/0963721413510932},
journal = {Current Directions in Psychological Science},
keywords = {conservatism,ideology,intolerance,political psychology,prejudice},
number = {1},
pages = {27--34},
title = {The ideological-conflict hypothesis: intolerance among both liberals and conservatives},
volume = {23},
year = {2014}
}

@article{Burdein2006,
author = {Burdein, Inna and Lodge, Milton and Taber, Charles},
title = {Experiments on the Automaticity of Political Beliefs and Attitudes},
journal = {Political Psychology},
volume = {27},
number = {3},
pages = {359-371},
doi = {10.1111/j.1467-9221.2006.00504.x},
year = {2006}
}

@article{Burkart2009,
title = {Cooperative breeding and human cognitive evolution},
author = {Burkart, Judith M and Hrdy, Sarah B and {van Schaik}, Carel P},
journal = {Evolutionary Anthropology: Issues, News, and Reviews},
volume = {18},
number = {5},
pages = {175--186},
year = {2009},
publisher = {Wiley Online Library},
doi = {10.1002/evan.20222}
}

@article{Burkart2018,
author = {Burkart, Judith M and Br{\"{u}}gger, Rahel K and {van Schaik}, Carel P},
doi = {10.3389/fsoc.2018.00017},
issn = {2297-7775},
journal = {Frontiers in Sociology},
title = {Evolutionary origins of morality: insights from non-human primates},
url = {https://www.frontiersin.org/article/10.3389/fsoc.2018.00017},
volume = {3},
pages = {17},
year = {2018}
}

@article{Burkner2020,
author = {B{\"u}rkner, Paul-Christian and Charpentier, Emmanuel},
title = {Modelling monotonic effects of ordinal predictors in {B}ayesian regression models},
journal = {British Journal of Mathematical and Statistical Psychology},
volume = {73},
number = {3},
pages = {420-451},
doi = {10.1111/bmsp.12195},
url = {https://bpspsychub.onlinelibrary.wiley.com/doi/abs/10.1111/bmsp.12195},
eprint = {https://bpspsychub.onlinelibrary.wiley.com/doi/pdf/10.1111/bmsp.12195},
year = {2020}
}

@article{Buss2009,
author = {Buss, David M.},
doi = {10.1111/j.1745-6924.2009.01138.x},
issn = {17456924},
journal = {Perspectives on Psychological Science},
number = {4},
pages = {359--366},
title = {How can evolutionary psychology successfully explain personality and individual differences?},
volume = {4},
year = {2009}
}

@book{Campbell1960,
address = {Chicago},
author = {Campbell, A. and Converse, P. E. and Miller, W. E. and Stokes, D. E.},
publisher = {Wiley},
title = {The {A}merican Voter},
year = {1960}
}

@article{Cappelen2017,
title = {Face-saving or fair-minded: What motivates moral behavior?},
author = {Cappelen, Alexander W and Halvorsen, Trond and S{\o}rensen, Erik {\O} and Tungodden, Bertil},
journal = {Journal of the European Economic Association},
volume = {15},
number = {3},
pages = {540--557},
year = {2017},
publisher = {Oxford University Press},
doi = {10.1093/jeea/jvw014}
}

@article{Capps2002,
author = {Capps, Jason S},
issn = {1527-7143(Print)},
journal = {North American Journal of Psychology},
keywords = {Punitiveness Orientation Scale,Right-Wing Authoritarianism,Social Dominance Orientation},
number = {2},
pages = {263--278},
title = {Explaining punitiveness: right-wing authoritarianism and social dominance},
volume = {4},
year = {2002}
}

@article{Carlsson2014,
author = {Carlsson, Fredrik and Johansson-Stenman, Olof and Nam, Pham Khanh},
doi = {10.1016/j.jpubeco.2014.05.009},
isbn = {0047-2727},
issn = {00472727},
journal = {Journal of Public Economics},
keywords = {Natural field experiment,Preference stability,Social preferences,Voluntary contributions},
pages = {104--114},
title = {Social preferences are stable over long periods of time},
volume = {117},
year = {2014}
}

@article{Cesarini2008,
author = {Cesarini, D. and Dawes, C. T. and Fowler, J. H. and Johannesson, M. and Lichtenstein, P. and Wallace, B.},
doi = {10.1073/pnas.0710069105},
isbn = {0027-8424},
issn = {0027-8424},
journal = {Proceedings of the National Academy of Sciences of the United States of America},
number = {10},
pages = {3721--3726},
pmid = {18316737},
title = {Heritability of cooperative behavior in the trust game},
url = {http://www.pnas.org/cgi/doi/10.1073/pnas.0710069105},
volume = {105},
year = {2008}
}

@book{Chambers2019,
title = {The seven deadly sins of psychology: A manifesto for reforming the culture of scientific practice},
author = {Chambers, Chris},
year = {2019},
publisher = {Princeton University Press},
doi = {10.2307/j.ctvc779w5}
}

@book{Chaudhuri2009,
address = {London, U.K.},
author = {Chaudhuri, A.},
publisher = {Routledge},
title = {Experiments in Economics: Playing Fair with Money},
year = {2009},
doi = {10.4324/9780203884799}
}

@article{Chaudhuri2011,
title = {Sustaining cooperation in laboratory public goods experiments: a selective survey of the literature},
author = {Chaudhuri, Ananish},
journal = {Experimental Economics},
volume = {14},
number = {1},
pages = {47--83},
year = {2011},
publisher = {Springer},
doi = {10.1007/s10683-010-9257-1}
}

@article{Chen2007,
author = {Fang Fang Chen},
title = {Sensitivity of Goodness of Fit Indexes to Lack of Measurement Invariance},
journal = {Structural Equation Modeling: A Multidisciplinary Journal},
volume = {14},
number = {3},
pages = {464-504},
year  = {2007},
publisher = {Routledge},
doi = {10.1080/10705510701301834},
URL = {https://doi.org/10.1080/10705510701301834},
eprint = {https://doi.org/10.1080/10705510701301834}
}

@article{Chen2016,
author = {Chen, Daniel L. and Schonger, Martin and Wickens, Chris},
doi = {10.1016/j.jbef.2015.12.001},
isbn = {2214-6350},
issn = {22146369},
journal = {Journal of Behavioral and Experimental Finance},
keywords = {Classroom experiments,Experimental economics,Field experiments,Laboratory experiments,Online experiments,Software},
mendeley-groups = {Other},
pages = {88--97},
title = {{oTree}-{A}n open-source platform for laboratory, online, and field experiments},
volume = {9},
year = {2016}
}

@article{Chen2019,
title = {The role of causal beliefs in political identity and voting},
journal = {Cognition},
volume = {188},
number = {3},
pages = {27-38},
year = {2019},
doi = {10.1016/j.cognition.2019.01.003},
author = {Stephanie Y. Chen and Oleg Urminsky}
}

@article{Chiao2009,
author = {Chiao, Joan Y. and Mathur, Vani A. and Harada, Tokiko and Lipke, Trixie},
doi = {10.1111/j.1749-6632.2009.04508.x},
isbn = {9781573317603},
issn = {17496632},
journal = {Annals of the New York Academy of Sciences},
keywords = {Anterior cingulate cortex,Anterior insula,Egalitarianism,Emotion,Empathy,Justice,Political attitudes,Social dominance orientation,Social hierarchy,fMRI},
pages = {174--181},
pmid = {19580563},
title = {Neural basis of preference for human social hierarchy versus egalitarianism},
volume = {1167},
number = {1},
year = {2009}
}

@article{Claassen2015,
author = {Claassen, Christopher and Tucker, Patrick and Smith, Steven S.},
doi = {10.1007/s11109-014-9272-6},
issn = {01909320},
journal = {Political Behavior},
keywords = {Identity,Operational ideology,Symbolic ideology},
number = {2},
pages = {253--278},
title = {Ideological labels in {A}merica},
volume = {37},
year = {2015}
}

@article{Claessens2020a,
author = {Claessens, Scott and Fischer, Kyle and Chaudhuri, Ananish and Sibley, Chris G and Atkinson, Quentin D},
doi = {10.1038/s41562-020-0850-9},
issn = {2397-3374},
journal = {Nature Human Behaviour},
pages = {336--345},
publisher = {Springer US},
title = {The dual evolutionary foundations of political ideology},
url = {http://dx.doi.org/10.1038/s41562-020-0850-9},
volume = {4},
number = {4},
year = {2020}
}

@misc{Claessens2020b,
title = {Cooperative and conformist behavioural preferences predict the dual dimensions of political ideology},
url = {psyarxiv.com/t7rqb},
DOI = {10.31234/osf.io/t7rqb},
publisher = {PsyArXiv},
author = {Claessens, Scott and Sibley, Chris G and Chaudhuri, Ananish and Atkinson, Quentin D},
year = {2020},
month = {Jul}
}

@article{Claidiere2012,
author = {Claidi{\`{e}}re, Nicolas and Whiten, Andrew},
doi = {10.1037/a0025868},
isbn = {0033-2909},
issn = {00332909},
journal = {Psychological Bulletin},
keywords = {Animal culture,Cultural evolution,Imitation,Learning strategy,Social learning},
number = {1},
pages = {126--145},
pmid = {22061691},
title = {Integrating the study of conformity and culture in humans and nonhuman animals},
volume = {138},
year = {2012}
}

@article{Cohen2003,
title = {Party over policy: The dominating impact of group influence on political beliefs},
author = {Cohen, Geoffrey L},
journal = {Journal of personality and social psychology},
volume = {85},
number = {5},
pages = {808--822},
year = {2003},
publisher = {American Psychological Association},
doi = {10.1037/0022-3514.85.5.808}
}

@incollection{Converse1964,
address = {New York},
author = {Converse, P. E.},
booktitle = {Ideology and Discontent},
editor = {Apter, D. E.},
pages = {206--261},
publisher = {Free Press of Glencoe},
title = {The nature of belief systems in mass publics},
year = {1964}
}

@article{Conway2018,
author = {{Conway III}, Lucian Gideon and Houck, Shannon C. and Gornick, Laura Janelle and Repke, Meredith A.},
doi = {10.1111/pops.12470},
journal = {Political Psychology},
number = {5},
pages = {1049--1067},
title = {Finding the {L}och {N}ess {M}onster: Left-Wing Authoritarianism in the {United States}},
volume = {39},
year = {2018}
}

@article{Cooper1992,
author = {Cooper, R. and DeJong, D. V. and Forsythe, R. and Ross, T. W.},
doi = {10.2307/2118488},
issn = {0033-5533},
journal = {The Quarterly Journal of Economics},
number = {2},
pages = {739--771},
title = {Communication in coordination games},
volume = {107},
year = {1992}
}

@misc{Costello2020,
title = {Clarifying the Structure and Nature of Left-Wing Authoritarianism},
url = {psyarxiv.com/3nprq},
DOI = {10.1037/pspp0000341},
publisher = {PsyArXiv},
author = {Costello, Thomas H and Bowes, Shauna and Stevens, Sean T and Waldman, Irwin and Tasimi, Arber and Lilienfeld, Scott O},
year = {2020},
month = {May}
}

@article{Crawford2017a,
title = {Are conservatives more sensitive to threat than liberals? It depends on how we define threat and conservatism},
author = {Crawford, Jarret T},
journal = {Social cognition},
volume = {35},
number = {4},
pages = {354--373},
year = {2017},
publisher = {Guilford Press},
doi = {10.1521/soco.2017.35.4.354}
}

@article{Crawford2017b,
title = {Social and economic ideologies differentially predict prejudice across the political spectrum, but social issues are most divisive},
author = {Crawford, Jarret T and Brandt, Mark J and Inbar, Yoel and Chambers, John R and Motyl, Matt},
journal = {Journal of personality and social psychology},
volume = {112},
number = {3},
pages = {383--412},
year = {2017},
publisher = {American Psychological Association},
doi = {10.1037/pspa0000074}
}

@article{Cronin2014,
author = {Cronin, Katherine A and {van Leeuwen}, Edwin J C and Vreeman, Vivian and Haun, Daniel B M},
doi = {10.1016/j.evolhumbehav.2014.05.004},
isbn = {1090-5138},
issn = {10905138},
journal = {Evolution and Human Behavior},
keywords = {Chimpanzees,Culture,Intraspecific variation,Norms,Sharing,Social networks,Social tolerance},
number = {5},
pages = {389--396},
title = {Population-level variability in the social climates of four chimpanzee societies},
volume = {35},
number = {1},
year = {2014}
}

@article{Cronin2015,
author = {Cronin, Katherine A. and Acheson, Daniel J. and Hern{\'{a}}ndez, Pen{\'{e}}lope and S{\'{a}}nchez, Angel},
doi = {10.1038/srep18634},
issn = {20452322},
journal = {Scientific Reports},
pages = {18634},
title = {Hierarchy is detrimental for human cooperation},
volume = {5},
year = {2015}
}

@book{Cronk2013,
author = {Cronk, Lee and Leech, Beth L},
isbn = {0691154953},
publisher = {Princeton University Press},
title = {Meeting at {G}rand {C}entral: Understanding the Social and Evolutionary Roots of Cooperation},
year = {2013},
doi = {10.1515/9781400845484}
}

@article{Curry2019,
author = {Curry, Oliver Scott and {Jones Chesters}, Matthew and {van Lissa}, Caspar J.},
doi = {10.1016/j.jrp.2018.10.008},
issn = {10957251},
journal = {Journal of Research in Personality},
keywords = {Cooperation,Game theory,Moral foundations,Morality,Scale development},
pages = {106--124},
title = {Mapping morality with a compass: testing the theory of `morality-as-cooperation' with a new questionnaire},
volume = {78},
year = {2019}
}

@article{Czarnek2019,
author = {Czarnek, Gabriela and Szwed, Paulina and Kossowska, Ma{\l}gorzata},
doi = {10.1002/ejsp.2548},
issn = {10990992},
journal = {European Journal of Social Psychology},
keywords = {conservatism,ideological conflict hypothesis,political beliefs,value violation},
number = {4},
pages = {807--823},
title = {Right- and left-wing prejudice toward dissimilar groups in cultural and economic domains},
volume = {49},
year = {2019}
}

@article{Dai2018,
author = {Dai, Zhixin and Galeotti, Fabio and Villeval, Marie Claire},
title = {Cheating in the Lab Predicts Fraud in the Field: An Experiment in Public Transportation},
journal = {Management Science},
volume = {64},
number = {3},
pages = {1081-1100},
year = {2018},
doi = {10.1287/mnsc.2016.2616}
}

@article{Dang2020,
title = {Why Are Self-Report and Behavioral Measures Weakly Correlated?},
journal = {Trends in Cognitive Sciences},
volume = {24},
number = {4},
pages = {267 - 269},
year = {2020},
issn = {1364-6613},
doi = {10.1016/j.tics.2020.01.007},
url = {http://www.sciencedirect.com/science/article/pii/S1364661320300255},
author = {Junhua Dang and Kevin M. King and Michael Inzlicht},
keywords = {jingle-jangle fallacy, reliability paradox, between-person variability}
}

@article{Daniele2015,
title = {Interpersonal trust and welfare state support},
journal = {European Journal of Political Economy},
volume = {39},
pages = {1-12},
year = {2015},
issn = {0176-2680},
doi = {10.1016/j.ejpoleco.2015.03.005},
author = {Gianmarco Daniele and Benny Geys}
}

@book{Darwin1859,
address = {London},
author = {Darwin, Charles},
publisher = {John Murray},
title = {The Origin of Species by Means of Natural Selection, or the Preservation of Favoured Races in the Struggle for Life},
year = {1859}
}

@article{Dawes2012,
author = {Dawes, Christopher T. and Loewen, Peter John and Schreiber, Darren and Simmons, Alan N. and Flagan, Taru and McElreath, Richard and Bokemper, Scott E. and Fowler, James H. and Paulus, Martin P.},
doi = {10.1073/pnas.1118653109},
issn = {00278424},
journal = {Proceedings of the National Academy of Sciences of the United States of America},
keywords = {Behavioral economics,Egalitarianism},
number = {17},
pages = {6479--6483},
title = {Neural basis of egalitarian behavior},
volume = {109},
year = {2012}
}

@article{Decety2004,
author = {Decety, Jean and Jackson, Philip L. and Sommerville, Jessica A. and Chaminade, Thierry and Meltzoff, Andrew N.},
doi = {10.1016/j.neuroimage.2004.05.025},
issn = {10538119},
journal = {NeuroImage},
keywords = {Agency,Cognitive neuroscience,Competition,Cooperation,Executive functions,Social interaction,Theory of mind,fMRI},
number = {2},
pages = {744--751},
pmid = {15488424},
title = {The neural bases of cooperation and competition: an fMRI investigation},
volume = {23},
year = {2004}
}

@article{DeDreu2010,
author = {{De Dreu}, Carsten K. W. and Greer, Lindred L. and Handgraaf, Michel J. J. and Shalvi, Shaul and {Van Kleef}, Gerben A. and Baas, Matthijs and {Ten Velden}, Femke S. and {Van Dijk}, Eric and Feith, Sander W. W.},
doi = {10.1126/science.1189047},
issn = {00368075},
journal = {Science},
number = {5984},
pages = {1408--1411},
title = {The neuropeptide oxytocin regulates parochial altruism in intergroup conflict among humans},
volume = {328},
year = {2010}
}

@article{Delton2011,
author = {Delton, Andrew W. and Krasnow, Max M. and Cosmides, Leda and Tooby, John},
doi = {10.1073/pnas.1102131108},
issn = {00278424},
journal = {Proceedings of the National Academy of Sciences of the United States of America},
keywords = {Altruism,Cooperation,Ecological rationality,Evolutionary psychology,Social evolution},
number = {32},
pages = {13335--13340},
title = {Evolution of direct reciprocity under uncertainty can explain human generosity in one-shot encounters},
volume = {108},
year = {2011}
}

@article{Delton2016,
author = {Delton, Andrew W. and Robertson, Theresa E.},
doi = {10.1016/j.copsyc.2015.06.006},
issn = {2352250X},
journal = {Current Opinion in Psychology},
pages = {12--16},
publisher = {Elsevier Ltd},
title = {How the mind makes welfare tradeoffs: evolution, computation, and emotion},
url = {http://dx.doi.org/10.1016/j.copsyc.2015.06.006},
volume = {7},
year = {2016}
}

@book{Dennett1995,
address = {New York},
author = {Dennett, D. C.},
publisher = {Simon {\&} Schuster},
title = {Darwin's Dangerous Idea: Evolution and the Meanings of Life},
year = {1995}
}

@article{Desilets2020,
title = {Sensitivity to social norm violation is related to political orientation},
author = {D{\'e}silets, {\'E}lise and Brisson, Benoit and H{\'e}tu, S{\'e}bastien},
journal = {PLoS One},
volume = {15},
number = {12},
pages = {e0242996},
year = {2020},
doi = {10.1371/journal.pone.0242996}
}

@article{Deutsch1955,
title = {A study of normative and informational social influences upon individual judgment},
author = {Deutsch, Morton and Gerard, Harold B},
journal = {The journal of abnormal and social psychology},
volume = {51},
number = {3},
pages = {629--636},
year = {1955},
publisher = {American Psychological Association},
doi = {10.1037/h0046408}
}

@book{DeWaal1982,
address = {Baltimore},
author = {{de Waal}, Frans B M},
publisher = {Johns Hopkins University Press},
title = {Chimpanzee Politics: Power and Sex among Apes},
year = {1982}
}

@article{Dodd2012,
author = {Dodd, M. D. and Balzer, A. and Jacobs, C. M. and Gruszczynski, M. W. and Smith, K. B. and Hibbing, J. R.},
doi = {10.1098/rstb.2011.0268},
isbn = {0962-8436},
issn = {0962-8436},
journal = {Philosophical Transactions of the Royal Society B: Biological Sciences},
number = {1589},
pages = {640--649},
pmid = {22271780},
title = {The political left rolls with the good and the political right confronts the bad: connecting physiology and cognition to preferences},
url = {http://rstb.royalsocietypublishing.org/cgi/doi/10.1098/rstb.2011.0268},
volume = {367},
year = {2012}
}

@article{Douma2019,
author = {Douma, Jacob C. and Weedon, James T.},
title = {Analysing continuous proportions in ecology and evolution: A practical introduction to beta and {D}irichlet regression},
journal = {Methods in Ecology and Evolution},
volume = {10},
number = {9},
pages = {1412-1430},
doi = {10.1111/2041-210X.13234},
year = {2019}
}

@article{Duckitt2009,
author = {Duckitt, John and Sibley, Chris G.},
doi = {10.1080/10478400903028540},
isbn = {1047840090302},
issn = {1047840X},
journal = {Psychological Inquiry},
keywords = {Ideology,Politics,Prejudice,Right-wing authoritarianism,Social dominance orientation},
number = {2-3},
pages = {98--109},
pmid = {21039534},
title = {A dual-process motivational model of ideology, politics, and prejudice},
volume = {20},
year = {2009}
}

@article{Duckitt2010a,
archivePrefix = {arXiv},
arxivId = {arXiv:1011.1669v3},
author = {Duckitt, John and Bizumic, Boris and Krauss, Stephen W. and Heled, Edna},
doi = {10.1111/j.1467-9221.2010.00781.x},
eprint = {arXiv:1011.1669v3},
isbn = {1472-6483 (Print)$\backslash$r1472-6483 (Linking)},
issn = {0162895X},
journal = {Political Psychology},
keywords = {Authoritarian personality,Authoritarianism,Conservatism,Ideological attitudes,Right-Wing Authoritarianism,Traditionalism},
number = {5},
pages = {685--715},
pmid = {16417727},
title = {A tripartite approach to right-wing authoritarianism: the authoritarianism-conservatism-traditionalism model},
volume = {31},
year = {2010}
}

@article{Duckitt2010b,
author = {Duckitt, John and Sibley, Chris G.},
doi = {10.1111/j.1467-6494.2010.00672.x},
isbn = {0022-3506},
issn = {00223506},
journal = {Journal of Personality},
number = {6},
pages = {1861--1894},
pmid = {21039534},
title = {Personality, ideology, prejudice, and politics: a dual-process motivational model},
volume = {78},
year = {2010}
}

@article{Duriez2005,
author = {Duriez, Bart and {Van Hiel}, Alain and Kossowska, Malgorzata},
doi = {10.1111/j.1467-9221.2005.00419.x},
isbn = {1467-9221},
issn = {0162895X},
journal = {Political Psychology},
keywords = {Attitude constraint,Authoritarianism,Conservatism,Prejudice,Social dominance orientation,Values},
number = {2},
pages = {299--320},
title = {Authoritarianism and social dominance in {W}estern and {E}astern Europe: the importance of the sociopolitical context and of political interest and involvement},
volume = {26},
year = {2005}
}

@book{Durkheim1912,
address = {London},
annote = {Includes bibliographical references.},
author = {Durkheim, {\'{E}}mile},
publisher = {George Allen {\&} Unwin Ltd.},
title = {The Elementary Forms of the Religious Life},
year = {1912}
}

@article{Efferson2008,
title = {Conformists and mavericks: the empirics of frequency-dependent cultural transmission},
journal = {Evolution and Human Behavior},
volume = {29},
number = {1},
pages = {56 - 64},
year = {2008},
issn = {1090-5138},
doi = {10.1016/j.evolhumbehav.2007.08.003},
author = {Charles Efferson and Rafael Lalive and Peter J. Richerson and Richard McElreath and Mark Lubell}
}

@article{Everett2013,
author = {Everett, Jim A. C.},
journal = {PLoS ONE},
publisher = {Public Library of Science},
title = {The 12 Item Social and Economic Conservatism Scale ({SECS})},
year = {2013},
month = {12},
volume = {8},
url = {https://doi.org/10.1371/journal.pone.0082131},
pages = {e82131},
number = {12},
doi = {10.1371/journal.pone.0082131}
}

@book{Eysenck1954,
address = {London},
author = {Eysenck, H.},
publisher = {Routledge and Keagan Paul},
title = {The Psychology of Politics},
year = {1954}
}

@article{Faul2007,
author = {Faul, Franz and Erdfelder, Edgar and Lang, Albert-Georg and Buchner, Axel},
doi = {10.3758/BF03193146},
journal = {Behavior Research Methods},
number = {2},
pages = {175--191},
title = {G*Power 3: A flexible statistical power analysis program for the social, behavioral, and biomedical sciences},
volume = {39},
year = {2007}
}

@article{Feather1996,
author = {Feather, Norman T},
doi = {10.1037/0022-3514.71.3.571},
isbn = {0022-3514},
issn = {0022-3514},
journal = {Journal of personality and social psychology},
number = {3},
pages = {571--587},
pmid = {8831162},
title = {Reactions to penalties for an offense in relation to authoritarianism, values, perceived responsibility, perceived seriousness, and deservingness.},
volume = {71},
year = {1996}
}

@article{Feather2002,
title = {Reactions to mandatory sentences in relation to the ethnic identity and criminal history of the offender},
author = {Feather, Norman T and Souter, Jacqueline},
journal = {Law and Human Behavior},
volume = {26},
number = {4},
pages = {417--438},
year = {2002},
publisher = {Springer}
}

@article{Federico2013,
author = {Federico, Christopher M. and Weber, Christopher R. and Ergun, Damla and Hunt, Corrie},
doi = {10.1111/pops.12006},
issn = {0162895X},
journal = {Political Psychology},
keywords = {Morality,Political psychology,Right-wing authoritarianism,Social dominance orientation},
number = {4},
pages = {589--610},
title = {Mapping the connections between politics and morality: the multiple sociopolitical orientations involved in moral intuition},
volume = {34},
year = {2013}
}

@article{Fehr2004,
author = {Fehr, Ernst and Fischbacher, Urs},
doi = {10.1016/S1090-5138(04)00005-4},
isbn = {4116344907},
issn = {10905138},
journal = {Evolution and Human Behavior},
number = {2},
pages = {63--87},
pmid = {17429376},
title = {Third-party punishment and social norms},
volume = {25},
year = {2004}
}

@article{Feldman2014,
author = {Feldman, Stanley and Johnston, Christopher},
doi = {10.1111/pops.12055},
isbn = {1467-9221},
issn = {14679221},
journal = {Political Psychology},
keywords = {Ideology,Motivation,Personality,Political attitudes},
number = {3},
pages = {337--358},
pmid = {31286941},
title = {Understanding the determinants of political ideology: implications of structural complexity},
volume = {35},
year = {2014}
}

@article{Ferguson1939,
author = {Ferguson, L. W.},
journal = {The Journal of Psychology: Interdisciplinary and Applied},
number = {2},
pages = {217--223},
title = {Primary social attitudes},
volume = {8},
year = {1939},
doi = {10.1080/00223980.1939.9917660}
}

@article{Fiagbenu2021,
author = {Fiagbenu, Michael Edem and Proch, Jutta and Kessler, Thomas},
issn = {0007-1269},
journal = {British Journal of Psychology},
publisher = {Wiley Online Library},
title = {Of deadly beans and risky stocks: Political ideology and attitude formation via exploration depend on the nature of the attitude stimuli},
year = {2021},
volume = {112},
number = {1},
pages = {342--357},
doi = {10.1111/bjop.12430}
}

@article{Fischbacher2001,
title = {Are people conditionally cooperative? Evidence from a public goods experiment},
author = {Fischbacher, Urs and G{\"a}chter, Simon and Fehr, Ernst},
journal = {Economics Letters},
volume = {71},
number = {3},
pages = {397--404},
year = {2001},
publisher = {Elsevier},
doi = {10.1016/S0165-1765(01)00394-9}
}

@misc{Fischer2020,
title = {Responses to the {COVID-19} pandemic reflect the dual evolutionary foundations of political ideology},
url = {psyarxiv.com/qeap8},
doi = {10.31234/osf.io/qeap8},
publisher = {PsyArXiv},
author = {Fischer, Kyle and Chaudhuri, Ananish and Atkinson, Quentin D.},
year = {2020},
month = {Oct}
}

@misc{Fischer_unpublished,
title = {The rigidity-of-the-extreme: conformity and related traits form the shared foundation of left- and right-wing authoritarianism},
author = {Fischer, Kyle and Chaudhuri, Ananish and Fi{\v s}ar, Milo{\v s} and Sibley, Chris G and {\v S}palek, Ji{\v r}{\'i} and Tremewan, James and Atkinson, Quentin D},
year = {2021},
publisher = {Unpublished manuscript}
}

@article{Fodor2008,
author = {Fodor, Eugene M. and Wick, David P. and Hartsen, Kim M. and Preve, Rebecca M.},
doi = {10.1111/j.1559-1816.2008.00303.x},
journal = {Journal of Applied Social Psychology},
number = {1},
pages = {215--233},
title = {Right-wing authoritarianism in relation to proposed judicial action, electromyographic response, and affective attitudes toward a schizophrenic mother},
volume = {38},
year = {2008}
}

@article{Foerster2016,
author = {Foerster, Steffen and Franz, Mathias and Murray, Carson M. and Gilby, Ian C. and Feldblum, Joseph T. and Walker, Kara K. and Pusey, Anne E.},
doi = {10.1038/srep35404},
issn = {20452322},
journal = {Scientific Reports},
pages = {35404},
pmid = {27739527},
title = {Chimpanzee females queue but males compete for social status},
volume = {6},
number = {1},
year = {2016}
}

@article{Forsyth1980,
author = {Forsyth, Donelson R.},
doi = {10.1037/0022-3514.39.1.175},
isbn = {0022-3514$\backslash$n1939-1315},
issn = {00223514},
journal = {Journal of Personality and Social Psychology},
keywords = {development {\&} validity of Ethics Position Question},
number = {1},
pages = {175--184},
pmid = {16854560},
title = {A taxonomy of ethical ideologies},
volume = {39},
year = {1980}
}

@article{Funder2019,
author = {David C. Funder and Daniel J. Ozer},
title = {Evaluating Effect Size in Psychological Research: Sense and Nonsense},
journal = {Advances in Methods and Practices in Psychological Science},
volume = {2},
number = {2},
pages = {156-168},
year = {2019},
doi = {10.1177/2515245919847202},
URL = {https://doi.org/10.1177/2515245919847202},
eprint = {https://doi.org/10.1177/2515245919847202}
}

@article{GalefJr2008,
author = {{Galef Jr.}, Bennett G. and Dudley, Kristina E. and Whiskin, Elaine E.},
doi = {10.1016/j.anbehav.2007.06.024},
issn = {00033472},
journal = {Animal Behaviour},
keywords = {Norway rat,Rattus norvegicus,food preference,model,social learning},
number = {2},
pages = {631--637},
title = {Social learning of food preferences in `dissatisfied' and `uncertain' {N}orway rats},
volume = {75},
year = {2008}
}

@article{Galen2011,
author = {Galen, Luke W. and Smith, Christine M. and Knapp, Nathan and Wyngarden, Nicole},
doi = {10.1111/j.1559-1816.2011.00810.x},
issn = {00219029},
journal = {Journal of Applied Social Psychology},
number = {9},
pages = {2123--2143},
title = {Perceptions of religious and nonreligious targets: exploring the effects of perceivers' religious fundamentalism},
volume = {41},
year = {2011}
}

@article{Gangadharan2017,
title = {Normative conflict and the limits of self-governance in heterogeneous populations},
journal = {European Economic Review},
volume = {100},
pages = {143-156},
year = {2017},
issn = {0014-2921},
doi = {10.1016/j.euroecorev.2017.07.013},
url = {https://www.sciencedirect.com/science/article/pii/S0014292117301484},
author = {Lata Gangadharan and Nikos Nikiforakis and Marie Claire Villeval}
}

@article{Gawronski2015,
author = {Gawronski, Bertram and Galdi, Silvia and Arcuri, Luciano},
title = {What Can Political Psychology Learn from Implicit Measures? Empirical Evidence and New Directions},
journal = {Political Psychology},
volume = {36},
number = {1},
pages = {1-17},
doi = {10.1111/pops.12094},
url = {https://onlinelibrary.wiley.com/doi/abs/10.1111/pops.12094},
eprint = {https://onlinelibrary.wiley.com/doi/pdf/10.1111/pops.12094},
year = {2015}
}

@article{Geniole2017,
author = {Geniole, Shawn N. and MacDonell, Elliott T. and McCormick, Cheryl M.},
doi = {10.1016/j.evolhumbehav.2016.12.004},
issn = {10905138},
journal = {Evolution and Human Behavior},
keywords = {Attractiveness,Beauty premium,Economic bargaining,Facial width-to-height ratio,Resource holding potential,Sex differences,Social perception},
number = {5},
pages = {572--582},
publisher = {Elsevier Inc.},
title = {The threat premium in economic bargaining},
url = {http://dx.doi.org/10.1016/j.evolhumbehav.2016.12.004},
volume = {38},
year = {2017}
}

@article{Gervais2017,
author = {Matthew M. Gervais},
title = {{RICH} Economic Games for Networked Relationships and Communities: Development and Preliminary Validation in {Y}asawa, {F}iji},
journal = {Field Methods},
volume = {29},
number = {2},
pages = {113--129},
year = {2017},
doi = {10.1177/1525822X16643709}
}

@article{Gigerenzer2008,
author = {Gigerenzer, Gerd},
doi = {10.1111/j.1745-6916.2008.00058.x},
issn = {17456924},
journal = {Perspectives on Psychological Science},
number = {1},
pages = {20--29},
title = {Why heuristics work},
volume = {3},
year = {2008}
}

@article{Glover2014,
author = {Glover, Rebecca J. and Natesan, Prathiba and Wang, Jie and Rohr, Danielle and McAfee-Etheridge, Lauri and Booker, Dana D. and Bishop, James and Lee, David and Kildare, Cory and Wu, Minwei},
doi = {10.1080/03057240.2014.953043},
isbn = {0305-7240},
issn = {14653877},
journal = {Journal of Moral Education},
keywords = {moral foundations,moral intuition,moral reasoning},
number = {4},
pages = {395--412},
title = {Moral rationality and intuition: an exploration of relationships between the {D}efining {I}ssues {T}est and the {M}oral {F}oundations {Q}uestionnaire},
volume = {43},
year = {2014}
}

@article{Gneezy2012,
author = {Gneezy, Ayelet and Fessler, Daniel M T},
doi = {10.1098/rspb.2011.0805},
isbn = {1471-2954 (Electronic)$\backslash$r0962-8452 (Linking)},
issn = {14712970},
journal = {Proceedings of the Royal Society B: Biological Sciences},
keywords = {Evolution of cooperation,Intergroup conflict,Punishment,Reward},
number = {1727},
pages = {219--223},
pmid = {21653590},
title = {Conflict, sticks and carrots: war increases prosocial punishments and rewards},
volume = {279},
year = {2012}
}

@article{Goren2005,
author = {Goren, Paul},
title = {Party Identification and Core Political Values},
journal = {American Journal of Political Science},
volume = {49},
number = {4},
pages = {881-896},
doi = {10.1111/j.1540-5907.2005.00161.x},
url = {https://onlinelibrary.wiley.com/doi/abs/10.1111/j.1540-5907.2005.00161.x},
eprint = {https://onlinelibrary.wiley.com/doi/pdf/10.1111/j.1540-5907.2005.00161.x},
year = {2005}
}

@incollection{Goodall1982,
address = {San Diego, CA},
author = {Goodall, J.},
booktitle = {Law, Biology and Culture: The Evolution of Law},
editor = {Gruter, M. and Bohannan, P.},
mendeley-groups = {Political Psychology Handbook/Biological basis},
pages = {50--62},
publisher = {Ross-Erikson, Publishers, Inc.},
title = {Order without law},
year = {1982}
}

@article{Graham2009,
author = {Graham, Jesse and Haidt, Jonathan and Nosek, Brian A.},
doi = {10.1037/a0015141},
isbn = {0022-3514$\backslash$r1939-1315},
issn = {00223514},
journal = {Journal of Personality and Social Psychology},
keywords = {conservative,ideology,liberal,morality},
number = {5},
pages = {1029--1046},
pmid = {19379034},
title = {Liberals and conservatives rely on different sets of moral foundations},
volume = {96},
year = {2009}
}

@article{Greaves2017,
title = {Predicting party vote sentiment: Identifying the demographic and psychological correlates of party preference in two large datasets},
author = {Greaves, Lara M and Robertson, Andrew and Cowie, Lucy J and Osborne, Danny and Houkamau, Carla A and Sibley, Chris G},
journal = {New Zealand Journal of Psychology},
volume = {46},
number = {3},
pages = {164--175},
year = {2017},
publisher = {New Zealand Psychological Society}
}

@article{Green1994,
title = {How stable is party identification?},
author = {Green, Donald Philip and Palmquist, Bradley},
journal = {Political Behavior},
volume = {16},
number = {4},
pages = {437--466},
year = {1994},
publisher = {Springer},
doi = {10.1007/BF01498826}
}

@article{Greenberg2003,
title = {Psychological Motives and Political Orientation-The Left, the Right, and the Rigid: Comment on {J}ost et al. (2003)},
author = {Greenberg, Jeff and Jonas, Eva},
journal = {Psychological Bulletin},
volume = {129},
number = {3},
pages = {376--382},
year = {2003},
doi = {10.1037/0033-2909.129.3.376}
}

@article{Greene1999,
author = {Greene, Steven},
title = {Understanding Party Identification: A Social Identity Approach},
journal = {Political Psychology},
volume = {20},
number = {2},
pages = {393-403},
keywords = {Party identification, social identity theory},
doi = {10.1111/0162-895X.00150},
url = {https://onlinelibrary.wiley.com/doi/abs/10.1111/0162-895X.00150},
eprint = {https://onlinelibrary.wiley.com/doi/pdf/10.1111/0162-895X.00150},
year = {1999}
}

@article{Griskevicius2006,
author = {Griskevicius, Vladas and Goldstein, Noah J. and Mortensen, Chad R. and Cialdini, Robert B. and Kenrick, Douglas T.},
doi = {10.1037/0022-3514.91.2.281},
isbn = {1939-1315(ELECTRONIC)},
issn = {00223514},
journal = {Journal of Personality and Social Psychology},
keywords = {Fear,Mating goals,Nonconformity,Self-presentation,Social influence},
number = {2},
pages = {281--294},
pmid = {16881765},
title = {Going along versus going alone: when fundamental motives facilitate strategic (non)conformity},
volume = {91},
year = {2006}
}

@article{Grunhage2020,
author = {Gr{\"{u}}nhage, Thomas and Reuter, Martin},
doi = {10.1007/s11109-020-09606-5},
isbn = {0123456789},
issn = {15736687},
journal = {Political Behavior},
keywords = {Behavioral economics,Ideology,Public-goods-game,RWA,SDO,Trust-game},
pages = {1--26},
publisher = {Springer US},
title = {Political Orientation is Associated with Behavior in Public-Goods- and Trust-Games},
url = {https://doi.org/10.1007/s11109-020-09606-5},
year = {2020}
}

@article{Gurerk108,
author = {G{\"u}rerk, {\"O}zg{\"u}r and Irlenbusch, Bernd and Rockenbach, Bettina},
title = {The Competitive Advantage of Sanctioning Institutions},
volume = {312},
number = {5770},
pages = {108--111},
year = {2006},
doi = {10.1126/science.1123633},
publisher = {American Association for the Advancement of Science},
journal = {Science}
}

@article{Gurven2004,
author = {Gurven, Michael},
doi = {10.1017/S0140525X04000123},
journal = {Behavioural and Brain Sciences},
pages = {543--559},
title = {To give and to give not: the behavioral ecology of human food transfers},
url = {https://www-cambridge-org.libproxy.ucl.ac.uk/core/services/aop-cambridge-core/content/view/45EBF9C9619A612ECCB77B6F81449F7D/S0140525X04000123a.pdf/div-class-title-to-give-and-to-give-not-the-behavioral-ecology-of-human-food-transfers-div.pdf},
volume = {27},
number = {4},
year = {2004}
}

@article{Haesevoets2015,
author = {Haesevoets, Tessa and {Reinders Folmer}, Chris and {Van Hiel}, Alain},
doi = {10.1002/per.1992},
issn = {10990984},
journal = {European Journal of Personality},
keywords = {Cooperation,Mixed-motive games,Right-wing authoritarianism,Social dominance orientation,Social value orientation},
number = {4},
pages = {445--458},
title = {Cooperation in mixed-motive games: the role of individual differences in selfish and social orientation},
volume = {29},
year = {2015}
}

@article{Haesevoets2018,
author = {Haesevoets, Tessa and {Reinders Folmer}, Chris and Bostyn, Dries H. and {Van Hiel}, Alain},
doi = {10.1002/per.2158},
issn = {10990984},
journal = {European Journal of Personality},
keywords = {Prisoner's Dilemma Game,game variations,personality,person-situation debate,within-game consistency},
number = {4},
pages = {405--426},
title = {Behavioural Consistency Within the Prisoner's Dilemma Game: The Role of Personality and Situation},
volume = {32},
year = {2018}
}

@book{Haidt2012,
address = {New York},
author = {Haidt, Jonathan},
isbn = {0307907031},
publisher = {Pantheon Books},
title = {The Righteous Mind: Why Good People are Divided by Politics and Religion},
year = {2012}
}

@article{Halali2018,
author = {Halali, Eliran and Dorfman, Anna and Jun, Sora and Halevy, Nir},
doi = {10.1177/1948550617732819},
issn = {19485514},
journal = {Social Psychological and Personality Science},
keywords = {cooperation,hierarchy,intergroup relations,self-interest,social inequality},
number = {2},
pages = {254--262},
title = {More for us or more for me? Social dominance as parochial egoism},
volume = {9},
year = {2018}
}

@article{Hamaker2015,
title={A critique of the cross-lagged panel model},
author={Hamaker, Ellen L and Kuiper, Rebecca M and Grasman, Raoul P P P},
journal={Psychological methods},
volume={20},
number={1},
pages={102--116},
year={2015},
publisher={American Psychological Association},
doi = {10.1037/a0038889}
}

@article{Hamann2011,
author = {Hamann, Katharina and Warneken, Felix and Greenberg, Julia R. and Tomasello, Michael},
doi = {10.1038/nature10278},
isbn = {1476-4687 (Electronic)$\backslash$r0028-0836 (Linking)},
issn = {00280836},
journal = {Nature},
number = {7360},
pages = {328--331},
pmid = {21775985},
title = {Collaboration encourages equal sharing in children but not in chimpanzees},
volume = {476},
year = {2011}
}

@article{Hamlin2007,
author = {Hamlin, J. Kiley and Wynn, Karen and Bloom, Paul},
doi = {10.1038/nature06288},
isbn = {0028-0836},
issn = {14764687},
journal = {Nature},
number = {7169},
pages = {557--559},
pmid = {18033298},
title = {Social evaluation by preverbal infants},
volume = {450},
year = {2007}
}

@article{Hardwicke2021a,
author = {Hardwicke, Tom E and Thibault, Robert T and Kosie, Jessica E and Wallach, Joshua D and Kidwell, Mallory C and Ioannidis, John P A},
title = {Estimating the Prevalence of Transparency and Reproducibility-Related Research Practices in Psychology (2014-2017)},
journal = {Perspectives on Psychological Science},
pages = {1--13},
year = {2021},
doi = {10.1177/1745691620979806}
}

@article{Hardwicke2021b,
title = {Analytic reproducibility in articles receiving open data badges at the journal {P}sychological {S}cience: an observational study},
author = {Hardwicke, Tom E and Bohn, Manuel and MacDonald, Kyle and Hembacher, Emily and Nuijten, Mich{\`e}le B and Peloquin, Benjamin N and {deMayo}, Benjamin E and Long, Bria and Yoon, Erica J and Frank, Michael C},
journal = {Royal Society Open Science},
volume = {8},
number = {1},
pages = {201494},
year = {2021},
publisher = {The Royal Society},
doi = {10.1098/rsos.201494}
}

@article{Haselton2006,
author = {Haselton, Martie G. and Nettle, Daniel},
title = {The Paranoid Optimist: An Integrative Evolutionary Model of Cognitive Biases},
journal = {Personality and Social Psychology Review},
volume = {10},
number = {1},
pages = {47-66},
year = {2006},
doi = {10.1207/s15327957pspr1001_3},
note = {PMID: 16430328},
URL = {https://doi.org/10.1207/s15327957pspr1001_3},
eprint = {https://doi.org/10.1207/s15327957pspr1001_3}
}

@article{Hatemi2007,
author = {Hatemi, Peter K. and Medland, Sarah E. and Morley, Katherine I. and Heath, Andrew C. and Martin, Nicholas G.},
doi = {10.1007/s10519-006-9138-8},
isbn = {0001-8244 (Print)},
issn = {00018244},
journal = {Behavior Genetics},
keywords = {Conservatism,Liberal,Political attitudes,Sociodemographic indicators,Voting},
number = {3},
pages = {435--448},
pmid = {17221311},
title = {The genetics of voting: an {A}ustralian twin study},
volume = {37},
year = {2007}
}

@article{Hatemi2011,
author = {Hatemi, Peter K. and Gillespie, N. A. and Eaves, L. J. and Maher, B. S. and Webb, B. T. and Heath, A. C. and Medland, S. E. and Smyth, D. C. and Beeby, H. N. and Gordon, S. D. and Montgomery, G. W. and Zhu, G. and Byrne, E. M. and Martin, N. G.},
doi = {10.1017/S0022381610001015},
isbn = {00223816, 14682508},
issn = {00223816},
journal = {Journal of Politics},
number = {1},
pages = {271--285},
title = {A genome-wide analysis of liberal and conservative political attitudes},
volume = {73},
year = {2011}
}

@article{Heaven2001,
author = {Heaven, Patrick C L and Bucci, Sandra},
doi = {10.1002/per.389},
issn = {08902070},
journal = {European Journal of Personality},
number = {1},
pages = {49--56},
pmid = {2864},
title = {Right-wing authoritarianism, social dominance orientation and personality: an analysis using the {IPIP} measure},
volume = {15},
year = {2001}
}

@misc{Henley2019,
author = {Henley, Jon},
booktitle = {The Guardian},
month = {jun},
title = {Denmark's centre-left set to win election with anti-immigration shift},
url = {https://www.theguardian.com/world/2019/jun/04/denmark-centre-left-predicted-win-election-social-democrats-anti-immigration-policies},
year = {2019}
}

@article{Henrich2003,
author = {Henrich, Joseph and McElreath, Richard},
doi = {10.1002/evan.10110},
issn = {10601538},
journal = {Evolutionary Anthropology},
keywords = {Coevolution,Culture and cognition,Dual inheritance theory,Human evolution,Social learning},
number = {3},
pages = {123--135},
title = {The evolution of cultural evolution},
volume = {12},
year = {2003}
}

@article{Henrich2004,
author = {Henrich, Joseph},
doi = {10.1016/S0167-2681(03)00094-5},
isbn = {0167-2681},
issn = {01672681},
journal = {Journal of Economic Behavior and Organization},
keywords = {Altruism,Coevolution,Cooperation,Dual inheritance theory,Group selection},
number = {1},
pages = {3--35},
pmid = {677509},
title = {Cultural group selection, coevolutionary processes and large-scale cooperation},
volume = {53},
year = {2004}
}

@article{Henrich2010,
archivePrefix = {arXiv},
arxivId = {arXiv:1011.1669v3},
author = {Henrich, Joseph and Heine, Steven J. and Norenzayan, Ara},
doi = {10.1017/S0140525X0999152X},
eprint = {arXiv:1011.1669v3},
isbn = {0140-525X},
issn = {14691825},
journal = {Behavioral and Brain Sciences},
keywords = {behavioral economics,cross-cultural research,cultural psychology,culture,evolutionary psychology,experiments,external validity,generalizability,human universals,population variability},
number = {2-3},
pages = {61--83},
pmid = {20550733},
title = {The weirdest people in the world?},
volume = {33},
year = {2010}
}

@book{Henrich2015,
address = {Princeton},
author = {Henrich, Joseph},
publisher = {Princeton University Press},
title = {The Secret of Our Success: How Culture Is Driving Human Evolution, Domesticating Our Species, and Making Us Smarter},
year = {2015}
}

@article{Henrich2019,
author = {Henrich, Joseph and Bauer, Michal and Cassar, Alessandra and Chytilov{\'{a}}, Julie and Purzycki, Benjamin Grant},
doi = {10.1038/s41562-018-0512-3},
isbn = {4156201805},
issn = {23973374},
journal = {Nature Human Behaviour},
number = {2},
pages = {129--135},
title = {War increases religiosity},
volume = {3},
year = {2019}
}

@article{Herrmann2008,
author = {Herrmann, Benedikt and Th{\"o}ni, Christian and G{\"a}chter, Simon},
title = {Antisocial punishment across societies},
volume = {319},
number = {5868},
pages = {1362--1367},
year = {2008},
doi = {10.1126/science.1153808},
journal = {Science}
}

@book{Hibbing2013,
author = {Hibbing, John R. and Smith, Kevin B. and Alford, John R.},
isbn = {1136281223},
publisher = {Routledge},
title = {Predisposed: Liberals, Conservatives, and the Biology of Political Differences},
year = {2013},
doi = {10.4324/9780203112137}
}

@article{Hibbing2014,
author = {Hibbing, John R. and Smith, Kevin B. and Alford, John R.},
doi = {10.1017/S0140525X13001192},
isbn = {0140-525X},
issn = {14691825},
journal = {Behavioral and Brain Sciences},
keywords = {attitudes,conservatives,liberals,negativity,physiology,politics,psychology},
number = {3},
pages = {297--307},
pmid = {24970428},
title = {Differences in negativity bias underlie variations in political ideology},
volume = {37},
year = {2014}
}

@article{Hibbing2015,
author = {Hibbing, John R.},
title = {The selfish voter},
volume = {347},
number = {6221},
pages = {482},
year = {2015},
doi = {10.1126/science.aaa1597},
publisher = {American Association for the Advancement of Science},
journal = {Science}
}

@article{Hill2011,
author = {Hill, Kim R. and Walker, Robert S. and Bo{\v{z}}i{\v{c}}evi{\'{c}}, Miran and Eder, James and Headland, Thomas and Hewlett, Barry and Hurtado, A. Magdalena and Marlowe, Frank and Wiessner, Polly and Wood, Brian},
doi = {10.1126/science.1199071},
issn = {00368075},
journal = {Science},
number = {6022},
pages = {1286--1289},
pmid = {21393537},
title = {Co-residence patterns in hunter-gatherer societies show unique human social structure},
volume = {331},
year = {2011}
}

@article{Ho2015,
author = {Ho, Arnold K. and Sidanius, Jim and Kteily, Nour and Sheehy-Skeffington, Jennifer and Pratto, Felicia and Henkel, Kristen E. and Foels, Rob and Stewart, Andrew L.},
doi = {10.1037/pspi0000033},
isbn = {0022-3514},
issn = {00223514},
journal = {Journal of Personality and Social Psychology},
keywords = {Inequality,SDO-dominance,SDO-egalitarianism,SDO7 scale,Social dominance orientation},
number = {6},
pages = {1003--1028},
pmid = {26479362},
title = {The nature of social dominance orientation: theorizing and measuring preferences for intergroup inequality using the new {SDO7} scale},
volume = {109},
year = {2015}
}

@article{Hodson2007,
author = {Hodson, Gordon and Costello, Kimberly},
doi = {10.1111/j.1467-9280.2007.01962.x},
isbn = {0956-7976 (Print)},
issn = {09567976},
journal = {Psychological Science},
number = {8},
pages = {691--698},
pmid = {17680940},
title = {Interpersonal disgust, ideological orientations, and dehumanization as predictors of intergroup attitudes},
volume = {18},
year = {2007}
}

@book{Hofstede1980,
address = {Beverly Hills, CA},
author = {Hofstede, Geert},
publisher = {Sage},
title = {Culture's Consequences},
year = {1980}
}

@article{Hu1999,
author = {Hu, Li-Tze and Bentler, Peter M.},
doi = {10.1080/10705519909540118},
isbn = {1070551115328},
issn = {10705511},
journal = {Structural Equation Modeling: A Multidisciplinary Journal},
mendeley-groups = {Other},
number = {1},
pages = {1--55},
pmid = {3384345},
title = {Cutoff criteria for fit indexes in covariance structure analysis: Conventional criteria versus new alternatives},
volume = {6},
year = {1999}
}

@book{Hughes1975,
address = {Cambridge, UK},
author = {Hughes, A.},
publisher = {Cambridge University Press},
title = {Psychology and the Political Experience},
year = {1975}
}

@article{Inbar2009,
author = {Inbar, Yoel and Pizarro, David A. and Bloom, Paul},
doi = {10.1080/02699930802110007},
isbn = {0269-9931},
issn = {02699931},
journal = {Cognition and Emotion},
number = {4},
pages = {714--725},
title = {Conservatives are more easily disgusted than liberals},
volume = {23},
year = {2009}
}

@article{Inbar2012,
author = {Inbar, Yoel and Pizarro, David and Iyer, Ravi and Haidt, Jonathan},
doi = {10.1177/1948550611429024},
isbn = {1948-5506 1948-5514},
issn = {19485506},
journal = {Social Psychological and Personality Science},
keywords = {conservatism,disgust,disgust sensitivity,ideology,politics},
number = {5},
pages = {537--544},
title = {Disgust Sensitivity, Political Conservatism, and Voting},
volume = {3},
year = {2012}
}

@article{Iyer2012,
author = {Iyer, Ravi and Koleva, Spassena and Graham, Jesse and Ditto, Peter and Haidt, Jonathan},
doi = {10.1371/journal.pone.0042366},
issn = {19326203},
journal = {PLoS ONE},
number = {8},
pages = {e42366},
title = {Understanding libertarian morality: the psychological dispositions of self-identified libertarians},
volume = {7},
year = {2012}
}

@article{Jensen2014,
author = {Jensen, Keith and Vaish, Amrisha and Schmidt, Marco F. H.},
doi = {10.3389/fpsyg.2014.00822},
isbn = {1664-1078 (Electronic)$\backslash$r1664-1078 (Linking)},
issn = {1664-1078},
journal = {Frontiers in Psychology},
pages = {822},
pmid = {25120521},
title = {The emergence of human prosociality: aligning with others through feelings, concerns, and norms},
volume = {5},
year = {2014}
}

@article{Johansson-Stenman2013,
author = {Johansson-Stenman, Olof and Mahmud, Minhaj and Martinsson, Peter},
doi = {10.1016/j.jebo.2011.06.022},
issn = {01672681},
journal = {Journal of Economic Behavior and Organization},
keywords = {Bangladesh,Motivations,Social capital,Trust,Trust game},
pages = {286--298},
publisher = {Elsevier B.V.},
title = {Trust, trust games and stated trust: evidence from rural {B}angladesh},
url = {http://dx.doi.org/10.1016/j.jebo.2011.06.022},
volume = {95},
year = {2013}
}

@article{Johnston2018,
author = {Johnston, Christopher D.},
doi = {10.1111/pops.12483},
issn = {14679221},
journal = {Political Psychology},
keywords = {authoritarianism,cognitive ability,economic policy,ideology,partisanship,personality,polarization},
pages = {219--238},
title = {Authoritarianism, affective polarization, and economic ideology},
volume = {39},
number = {S1},
year = {2018}
}

@article{Jones2013,
archivePrefix = {arXiv},
arxivId = {0803973233},
author = {Jones, Daniel Nelson and Figueredo, Aurelio Jose},
doi = {10.1002/per.1893},
eprint = {0803973233},
isbn = {1099-0984},
issn = {08902070},
journal = {European Journal of Personality},
keywords = {Antisocial behaviour,Personality scales and inventories,Personality types},
number = {6},
pages = {521--531},
pmid = {803973233},
title = {The core of darkness: uncovering the heart of the {D}ark {T}riad},
volume = {27},
year = {2013}
}

@article{Jost2003,
author = {Jost, John T. and Glaser, Jack and Kruglanski, Arie W. and Sulloway, Frank J.},
doi = {10.1037/0033-2909.129.3.339},
isbn = {0033-2909$\backslash$r1939-1455},
issn = {00332909},
journal = {Psychological Bulletin},
number = {3},
pages = {339--375},
pmid = {12784934},
title = {Political conservatism as motivated social cognition},
volume = {129},
year = {2003}
}

@article{Jost2006,
author = {Jost, John T.},
doi = {10.1037/0003-066X.61.7.651},
isbn = {9781315814384},
issn = {0003066X},
journal = {American Psychologist},
keywords = {Conservatism,Ideology,Liberalism,Political attitudes,Political psychology,Public opinion},
number = {7},
pages = {651--670},
pmid = {17032067},
title = {The end of the end of ideology},
volume = {61},
year = {2006}
}

@article{Jost2009,
author = {Jost, John T. and Federico, Christopher M. and Napier, Jaime L.},
doi = {10.1146/annurev.psych.60.110707.163600},
isbn = {0066-4308 (Print)$\backslash$r0066-4308 (Linking)},
issn = {0066-4308},
journal = {Annual Review of Psychology},
number = {1},
pages = {307--337},
pmid = {19035826},
title = {Political ideology: its structure, functions, and elective affinities},
url = {http://www.annualreviews.org/doi/10.1146/annurev.psych.60.110707.163600},
volume = {60},
year = {2009}
}

@article{Jost2017,
author = {Jost, John T.},
title = {Ideological Asymmetries and the Essence of Political Psychology},
journal = {Political Psychology},
volume = {38},
number = {2},
pages = {167-208},
doi = {10.1111/pops.12407},
year = {2017}
}

@article{Jost2018,
title = {Ideological asymmetries in conformity, desire for shared reality, and the spread of misinformation},
author = {Jost, John T and {van der Linden}, Sander and Panagopoulos, Costas and Hardin, Curtis D},
journal = {Current opinion in psychology},
volume = {23},
pages = {77--83},
year = {2018},
publisher = {Elsevier},
doi = {10.1016/j.copsyc.2018.01.003}
}

@article{Kandler2016,
archivePrefix = {arXiv},
arxivId = {arXiv:1011.1669v3},
author = {Kandler, Christian and Bell, Edward and Riemann, Rainer},
doi = {10.1002/per.2061},
eprint = {arXiv:1011.1669v3},
isbn = {9788578110796},
issn = {10990984},
journal = {European Journal of Personality},
keywords = {multi-method study,nuclear twin family study,right-wing authoritarianism,social attitudes,social dominance orientation},
number = {4},
pages = {406--420},
pmid = {25246403},
title = {The structure and sources of right-wing authoritarianism and social dominance orientation},
volume = {30},
year = {2016}
}

@article{Katz1988,
author = {Katz, Irwin and Hass, R Glen},
issn = {1939-1315},
journal = {Journal of personality and social psychology},
number = {6},
pages = {893--905},
publisher = {American Psychological Association},
title = {Racial ambivalence and {A}merican value conflict: correlational and priming studies of dual cognitive structures},
volume = {55},
year = {1988},
doi = {10.1037/0022-3514.55.6.893}
}

@article{Kemmelmeier2003,
author = {Markus Kemmelmeier and Eugene Burnstein and Krum Krumov and Petia Genkova and Chie Kanagawa and Matthew S. Hirshberg and Hans-Peter Erb and Grazyna Wieczorkowska and Kimberly A. Noels},
title = {Individualism, Collectivism, and Authoritarianism in Seven Societies},
journal = {Journal of Cross-Cultural Psychology},
volume = {34},
number = {3},
pages = {304-322},
year = {2003},
doi = {10.1177/0022022103034003005}
}

@book{Kerlinger1984,
address = {Hillsdale, NJ},
author = {Kerlinger, Fred Nichols},
isbn = {0898593778},
publisher = {Erlbaum},
title = {Liberalism and Conservatism: The Nature and Structure of Social Attitudes},
year = {1984}
}

@article{Kerschbamer2020,
title = {Social preferences and political attitudes: An online experiment on a large heterogeneous sample},
author = {Kerschbamer, Rudolf and M{\"u}ller, Daniel},
journal = {Journal of Public Economics},
volume = {182},
pages = {104076},
year = {2020},
publisher = {Elsevier},
doi = {10.1016/j.jpubeco.2019.104076}
}

@article{Kessler2008,
author = {Kessler, Thomas and Cohrs, J. Christopher},
doi = {10.1037/1089-2699.12.1.73},
isbn = {1089-2699},
issn = {10892699},
journal = {Group Dynamics: Theory, Research, and Practice},
keywords = {authoritarianism,cooperation,evolutionary psychology,game theory,group processes},
number = {1},
pages = {73--84},
title = {The evolution of authoritarian processes: fostering cooperation in large-scale groups},
volume = {12},
year = {2008}
}

@article{Kessler2012,
title = {Norms and contracting},
author = {Kessler, Judd B and Leider, Stephen},
journal = {Management Science},
volume = {58},
number = {1},
pages = {62--77},
year = {2012},
doi = {10.1287/mnsc.1110.1341}
}

@article{Kimbrough2016,
author = {Kimbrough, Erik O. and Vostroknutov, Alexander},
doi = {10.1111/jeea.12152},
issn = {15424774},
journal = {Journal of the European Economic Association},
keywords = {C91,C92,D03},
number = {3},
pages = {608--638},
title = {Norms make preferences social},
volume = {14},
year = {2016}
}

@article{Kimbrough2018,
title = {A portable method of eliciting respect for social norms},
author = {Kimbrough, Erik O and Vostroknutov, Alexander},
journal = {Economics Letters},
volume = {168},
pages = {147--150},
year = {2018},
doi = {10.1016/j.econlet.2018.04.030}
}

@article{Kinzler2007,
author = {Kinzler, Katherine D. and Dupoux, Emmanuel and Spelke, Elizabeth S.},
doi = {10.1073/pnas.0705345104},
issn = {00278424},
journal = {Proceedings of the National Academy of Sciences of the United States of America},
keywords = {Cognitive development},
number = {30},
pages = {12577--12580},
title = {The native language of social cognition},
volume = {104},
year = {2007}
}

@article{Kinzler2009,
author = {Kinzler, Katherine D. and Shutts, Kristin and {DeJesus}, Jasmine and Spelke, Elizabeth S.},
doi = {10.1521/soco.2009.27.4.623},
issn = {0278016X},
journal = {Social Cognition},
number = {4},
pages = {623--634},
title = {Accent trumps race in guiding children's social preferences},
volume = {27},
year = {2009}
}

@article{Kinzler2011,
author = {Kinzler, Katherine D. and Corriveau, Kathleen H. and Harris, Paul L.},
doi = {10.1111/j.1467-7687.2010.00965.x},
issn = {1363755X},
journal = {Developmental Science},
number = {1},
pages = {106--111},
title = {Children's selective trust in native-accented speakers},
volume = {14},
year = {2011}
}

@article{Kinzler2012,
author = {Kinzler, Katherine D. and Dautel, Jocelyn B.},
doi = {10.1111/j.1467-7687.2011.01101.x},
issn = {1363755X},
journal = {Developmental Science},
number = {1},
pages = {131--138},
title = {Children's essentialist reasoning about language and race},
volume = {15},
year = {2012}
}

@article{Koomen2018,
author = {Koomen, Rebecca and Herrmann, Esther},
doi = {10.1038/s41562-018-0327-2},
issn = {23973374},
journal = {Nature Human Behaviour},
number = {5},
pages = {348--355},
title = {An investigation of children's strategies for overcoming the tragedy of the commons},
volume = {2},
year = {2018}
}

@article{Kramer2019,
author = {Kramer, Karen L.},
title = {How There Got to Be So Many of Us: The Evolutionary Story of Population Growth and a Life History of Cooperation},
journal = {Journal of Anthropological Research},
volume = {75},
number = {4},
pages = {472-497},
year = {2019},
doi = {10.1086/705943}
}

@article{Krasnow2013,
author = {Krasnow, Max M. and Delton, Andrew W. and Tooby, John and Cosmides, Leda},
doi = {10.1038/srep01747},
issn = {20452322},
journal = {Scientific Reports},
pages = {1747},
title = {Meeting now suggests we will meet again: implications for debates on the evolution of cooperation},
volume = {3},
year = {2013}
}

@article{Krupenye2018,
author = {Krupenye, Christopher and Hare, Brian},
doi = {10.1016/j.cub.2017.11.061},
isbn = {09609822 (ISSN)},
issn = {09609822},
journal = {Current Biology},
number = {2},
pages = {280--286},
pmid = {29307556},
title = {Bonobos prefer individuals that hinder others over those that help},
volume = {28},
year = {2018}
}

@article{Krupka2009,
title = {The focusing and informational effects of norms on pro-social behavior},
author = {Krupka, Erin L. and Weber, Roberto A},
journal = {Journal of Economic psychology},
volume = {30},
number = {3},
pages = {307--320},
year = {2009},
publisher = {Elsevier},
doi = {10.1016/j.joep.2008.11.005}
}

@article{Krupka2013,
author = {Krupka, Erin L. and Weber, Roberto A.},
title = {Identifying Social Norms Using Coordination Games: Why Does Dictator Game Sharing Vary?},
journal = {Journal of the European Economic Association},
volume = {11},
number = {3},
pages = {495-524},
year = {2013},
doi = {10.1111/jeea.12006}
}

@article{Kuhlman1975,
author = {Kuhlman, D. Michael and Marshello, Alfred F.},
doi = {10.1037/0022-3514.32.5.922},
journal = {Journal of Personality and Social Psychology},
number = {5},
pages = {922--931},
title = {Individual differences in game motivation as moderators of preprogrammed strategy effects in prisoner's dilemma},
volume = {32},
year = {1975}
}

@misc{Kurz2019,
title = {Bayesian power analysis: Part {I}. Prepare to reject {H0} with simulation.},
url = {https://solomonkurz.netlify.app/post/bayesian-power-analysis-part-i/},
author = {Kurz, A. Solomon},
year = {2019},
month = {Jul}
}

@article{Kurzban2001,
author = {Kurzban, R. and Houser, D.},
journal = {European Journal of Personality},
number = {S1},
publisher = {Wiley Online Library},
title = {Individual differences in cooperation in a circular public goods game},
volume = {15},
year = {2001},
pages = {S37--S52},
doi = {10.1002/per.420}
}

@article{Lee1972,
author = {Lee, Richard B.},
doi = {10.1007/BF01531351},
issn = {03007839},
journal = {Human Ecology},
number = {2},
pages = {125--147},
title = {!Kung spatial organization: an ecological and historical perspective},
volume = {1},
year = {1972}
}

@article{Leeper2014,
author = {Leeper, Thomas J. and Slothuus, Rune},
title = {Political Parties, Motivated Reasoning, and Public Opinion Formation},
journal = {Political Psychology},
volume = {35},
number = {S1},
pages = {129-156},
keywords = {political parties, motivated reasoning, public opinion},
doi = {10.1111/pops.12164},
url = {https://onlinelibrary.wiley.com/doi/abs/10.1111/pops.12164},
eprint = {https://onlinelibrary.wiley.com/doi/pdf/10.1111/pops.12164},
year = {2014}
}

@article{Lewis2014,
author = {Lewis, Gary J. and Bates, Timothy C.},
doi = {10.1111/jopy.12055},
isbn = {0022-3506},
issn = {14676494},
journal = {Journal of Personality},
number = {4},
pages = {297--309},
pmid = {23799969},
title = {Common heritable effects underpin concerns over norm maintenance and in-group favoritism: evidence from genetic analyses of right-wing authoritarianism and traditionalism},
volume = {82},
year = {2014}
}

@article{Lonnqvist2015,
title = {Measuring individual risk attitudes in the lab: Task or ask? An empirical comparison},
journal = {Journal of Economic Behavior & Organization},
volume = {119},
pages = {254 - 266},
year = {2015},
issn = {0167-2681},
doi = {10.1016/j.jebo.2015.08.003},
url = {http://www.sciencedirect.com/science/article/pii/S0167268115002115},
author = {Jan-Erik L{\"o}nnqvist and Markku Verkasalo and Gari Walkowitz and Philipp C. Wichardt},
keywords = {Risk attitudes, Trust, Personality, Lab experiments}
}

@article{MacCallum1996,
author = {MacCallum, R C and Browne, M W and Sugawara, H M},
doi = {10.1037/1082-989x.1.2.130},
isbn = {1082-989X},
issn = {1082989X (ISSN)},
journal = {Psychological Methods},
mendeley-groups = {Other},
number = {2},
pages = {130--149},
pmid = {19686998},
title = {Power analysis and determination of sample size for covariance structure modeling},
volume = {1},
year = {1996}
}

@article{Malka2014,
title = {Do needs for security and certainty predict cultural and economic conservatism? A cross-national analysis},
author = {Malka, Ariel and Soto, Christopher J and Inzlicht, Michael and Lelkes, Yphtach},
journal = {Journal of Personality and Social Psychology},
volume = {106},
number = {6},
pages = {1031--1051},
year = {2014},
publisher = {American Psychological Association},
doi = {10.1037/a0036170}
}

@incollection{Malka2017,
title = {Rethinking the rigidity of the right model: Three suboptimal methodological practices and their implications},
author = {Malka, Ariel and Lelkes, Yphtach and Holzer, Nissan},
booktitle = {The politics of social psychology},
pages = {116--135},
year = {2017},
publisher = {Psychology Press},
volume = {1},
editor = {Jarret T. Crawford and Lee Jussim},
doi = {10.4324/9781315112619}
}

@article{Malka2019,
author = {Malka, Ariel and Lelkes, Yphtach and Soto, Christopher J.},
doi = {10.1017/s0007123417000072},
issn = {0007-1234},
journal = {British Journal of Political Science},
number = {3},
pages = {1045--1069},
title = {Are cultural and economic conservatism positively correlated? A large-scale cross-national test},
volume = {49},
year = {2019}
}

@article{Manson2020,
title = {Right-wing authoritarianism, left-wing authoritarianism, and pandemic-mitigation authoritarianism},
journal = {Personality and Individual Differences},
volume = {167},
pages = {110251},
year = {2020},
doi = {10.1016/j.paid.2020.110251},
author = {Joseph H. Manson}
}

@article{Mathew2011,
author = {Mathew, S. and Boyd, R.},
doi = {10.1073/pnas.1105604108},
isbn = {0027-8424},
issn = {0027-8424},
journal = {Proceedings of the National Academy of Sciences of the United States of America},
number = {28},
pages = {11375--11380},
pmid = {21670285},
title = {Punishment sustains large-scale cooperation in prestate warfare},
url = {http://www.pnas.org/cgi/doi/10.1073/pnas.1105604108},
volume = {108},
year = {2011}
}

@article{Matthews2016,
author = {Matthews, Luke J. and Passmore, Sam and Richard, Paul M. and Gray, Russell D. and Atkinson, Quentin D.},
doi = {10.1371/journal.pone.0152979},
issn = {19326203},
journal = {PLoS ONE},
number = {4},
pages = {e0152979},
title = {Shared cultural history as a predictor of political and economic changes among nation states},
volume = {11},
year = {2016}
}

@article{McAuliffe2019,
author = {McAuliffe, William H. B. and Forster, Daniel E. and Pedersen, Eric J. and McCullough, Michael E.},
doi = {10.1002/per.2180},
issn = {10990984},
journal = {European Journal of Personality},
keywords = {Dictator Game,S-1 bifactor model,Trust Game,cooperation,social heuristics hypothesis},
number = {1},
pages = {89--103},
title = {Does cooperation in the laboratory reflect the operation of a broad trait?},
volume = {33},
year = {2019}
}

@article{McElreath2005,
title = {Applying evolutionary models to the laboratory study of social learning},
journal = {Evolution and Human Behavior},
volume = {26},
number = {6},
pages = {483 - 508},
year = {2005},
issn = {1090-5138},
doi = {10.1016/j.evolhumbehav.2005.04.003},
author = {Richard McElreath and Mark Lubell and Peter J. Richerson and Timothy M. Waring and William Baum and Edward Edsten and Charles Efferson and Brian Paciotti}
}

@book{McElreath2020,
author = {McElreath, Richard},
title = {Statistical Rethinking: A {B}ayesian Course with Examples in {R} and {Stan}},
publisher = {CRC Press},
edition = {2},
year = {2020}
}

@incollection{McFadden1976,
title = {Quantal Choice Analysis: A Survey},
author = {Daniel L. McFadden},
booktitle = {Annals of Economic and Social Measurement},
volume = {5},
number = {4},
publisher = {NBER},
pages = {363--390},
year = {1976},
editor = {Sanford V. Berg}
}

@book{Middendorp1991,
address = {Assen, the Netherlands},
author = {Middendorp, C. P.},
publisher = {Van G. Corcum},
title = {Ideology in {D}utch Politics: The democratic system reconsidered, 1970-1985},
year = {1991}
}

@article{Miller1999,
title = {The norm of self-interest},
author = {Miller, Dale T.},
journal = {American Psychologist},
year = {1999},
volume = {54},
number = {12},
pages = {1053-1060},
doi = {10.1037/0003-066X.54.12.1053}
}

@article{Minson2012,
author = {Julia A. Minson and Beno{\^\i}t Monin},
doi = {10.1177/1948550611415695},
journal = {Social Psychological and Personality Science},
number = {2},
pages = {200--207},
title = {Do-Gooder Derogation: Disparaging Morally Motivated Minorities to Defuse Anticipated Reproach},
volume = {3},
year = {2012}
}

@article{Mischkowski2019,
title = {Minimizing inequality versus maximizing joint gains: On the relation between personality traits and different prosocial motivations},
journal = {Journal of Research in Personality},
volume = {81},
pages = {153-157},
year = {2019},
issn = {0092-6566},
doi = {10.1016/j.jrp.2019.06.001},
author = {Dorothee Mischkowski and Isabel Thielmann and Andreas Gl{\"{o}}ckner}
}

@article{Molleman2014,
title = {Consistent individual differences in human social learning strategies},
author = {Molleman, Lucas and {van den Berg}, Pieter and Weissing, Franz J},
journal = {Nature Communications},
volume = {5},
number = {1},
pages = {3570},
year = {2014},
publisher = {Nature Publishing Group},
doi = {10.1038/ncomms4570}
}

@article{Molleman2019,
title = {Unleashing the {BEAST}: a brief measure of human social information use},
journal = {Evolution and Human Behavior},
volume = {40},
number = {5},
pages = {492 - 499},
year = {2019},
issn = {1090-5138},
doi = {10.1016/j.evolhumbehav.2019.06.005},
url = {http://www.sciencedirect.com/science/article/pii/S1090513819300030},
author={Lucas Molleman and Ralf H. J. M. Kurvers and Wouter {van den Bos}}
}

@article{Morgan2011,
author = {Morgan, T. J. H. and Rendell, L. E. and Ehn, M. and Hoppitt, W. and Laland, K. N.},
doi = {10.1098/rspb.2011.1172},
isbn = {0962-8452},
issn = {14712970},
journal = {Proceedings of the Royal Society B: Biological Sciences},
keywords = {Asocial learning,Conformity,Consensus,Copying,Social learning,Social learning strategy},
number = {1729},
pages = {653--662},
pmid = {21795267},
title = {The evolutionary basis of human social learning},
volume = {279},
year = {2011}
}

@techreport{Muller2014,
address = {G{\"o}ttingen},
author = {M{\"u}ller, Stephan},
institution = {Center for European, Governance {and} Economic Development Research},
series = {{cege} Discussion Papers},
type = {Working Paper},
number = {219},
title = {The evolution of inequality aversion in a simplified game of life},
year = {2014},
doi = {10.2139/ssrn.2514146}
}

@article{Muller2019,
title = {Fairness views and political preferences: Evidence from a large and representative sample},
author = {M{\"u}ller, Daniel and Renes, Sander},
year = {2021},
journal = {Social Choice and Welfare},
volume = {56},
pages = {679--711},
doi = {10.1007/s00355-020-01289-5}
}

@article{Munafo2017,
title = {A manifesto for reproducible science},
author = {Munaf{\`o}, Marcus R and Nosek, Brian A and Bishop, Dorothy V M and Button, Katherine S and Chambers, Christopher D and {du Sert}, Nathalie Percie and Simonsohn, Uri and Wagenmakers, Eric-Jan and Ware, Jennifer J and Ioannidis, John P A},
journal = {Nature Human Behaviour},
volume = {1},
number = {1},
pages = {0021},
year = {2017},
publisher = {Nature Publishing Group},
doi = {10.1038/s41562-016-0021}
}

@article{Murphy2011,
title = {Measuring social value orientation},
author = {Murphy, Ryan O and Ackermann, Kurt A and Handgraaf, Michel J J},
journal = {Judgment and Decision making},
volume = {6},
number = {8},
pages = {771--781},
year = {2011},
doi = {10.2139/ssrn.1804189}
}

@article{Murray2012,
author = {Murray, Damian R. and Schaller, Mark},
doi = {10.1002/ejsp.863},
issn = {00462772},
journal = {European Journal of Social Psychology},
keywords = {Attitudes,Conformity,Defensive processes,Illness cognition,Social cognition},
number = {2},
pages = {180--188},
title = {Threat(s) and conformity deconstructed: perceived threat of infectious disease and its implications for conformist attitudes and behavior},
volume = {42},
year = {2012}
}

@article{Mutz2018,
author = {Mutz, Diana C.},
title = {Status threat, not economic hardship, explains the 2016 presidential vote},
volume = {115},
number = {19},
pages = {E4330--E4339},
year = {2018},
doi = {10.1073/pnas.1718155115},
publisher = {National Academy of Sciences},
issn = {0027-8424},
URL = {https://www.pnas.org/content/115/19/E4330},
eprint = {https://www.pnas.org/content/115/19/E4330.full.pdf},
journal = {Proceedings of the National Academy of Sciences of the United States of America}
}

@article{Nail2009,
author = {Nail, Paul R. and McGregor, Ian},
doi = {10.1007/s11211-009-0098-z},
issn = {08857466},
journal = {Social Justice Research},
keywords = {9/11 Terrorism,Conservatives,Liberals,Motivated social cognition,Political orientation,Psychological defenses,Terror management theory,Terrorist threats,Worldview defense},
number = {2-3},
pages = {231--240},
title = {Conservative shift among liberals and conservatives following 9/11/01},
volume = {22},
year = {2009}
}

@article{Neal2018,
title = {A sign of the times? Weak and strong polarization in the {U.S.} {C}ongress, 1973-2016},
journal = {Social Networks},
volume = {60},
pages = {103 - 112},
year = {2020},
note = {Social Network Research on Negative Ties and Signed Graphs},
doi = {10.1016/j.socnet.2018.07.007},
author = {Zachary P. Neal}
}

@article{Nettle2005,
author = {Nettle, Daniel},
doi = {10.1016/j.evolhumbehav.2004.12.004},
isbn = {1090-5138},
issn = {10905138},
journal = {Evolution and Human Behavior},
keywords = {Evolutionary psychology,Extraversion,Life history,Mating strategies,Personality},
number = {4},
pages = {363--373},
title = {An evolutionary approach to the extraversion continuum},
volume = {26},
year = {2005}
}

@article{Nettle2006,
author = {Nettle, Daniel},
doi = {10.1037/0003-066X.61.6.622},
isbn = {0003-066X (Print)$\backslash$r0003-066X (Linking)},
issn = {0003066X},
journal = {American Psychologist},
keywords = {Evolutionary psychology,Five-factor model,Personality},
number = {6},
pages = {622--631},
pmid = {16953749},
title = {The evolution of personality variation in humans and other animals},
volume = {61},
year = {2006}
}

@article{Norenzayan2016,
author = {Norenzayan, Ara and Shariff, Azim F. and Gervais, Will M. and Willard, Aiyana K. and McNamara, Rita A. and Slingerland, Edward and Henrich, Joseph},
doi = {10.1017/S0140525X14001356},
isbn = {1469-1825 (Electronic)$\backslash$r0140-525X (Linking)},
issn = {14691825},
journal = {Behavioral and Brain Sciences},
keywords = {belief,cooperation,culture,evolution,prosociality,religion,ritual},
pages = {e1},
pmid = {26785995},
title = {The cultural evolution of prosocial religions},
volume = {39},
year = {2016}
}

@article{Nosek2015,
author = {Nosek, B. A. and Alter, G. and Banks, G. C. and Borsboom, D. and Bowman, S. D. and Breckler, S. J. and Buck, S. and Chambers, C. D. and Chin, G. and Christensen, G. and Contestabile, M. and Dafoe, A. and Eich, E. and Freese, J. and Glennerster, R. and Goroff, D. and Green, D. P. and Hesse, B. and Humphreys, M. and Ishiyama, J. and Karlan, D. and Kraut, A. and Lupia, A. and Mabry, P. and Madon, T. and Malhotra, N. and Mayo-Wilson, E. and McNutt, M. and Miguel, E. and Paluck, E. Levy and Simonsohn, U. and Soderberg, C. and Spellman, B. A. and Turitto, J. and VandenBos, G. and Vazire, S. and Wagenmakers, E. J. and Wilson, R. and Yarkoni, T.},
title = {Promoting an open research culture},
volume = {348},
number = {6242},
pages = {1422--1425},
year = {2015},
doi = {10.1126/science.aab2374},
journal = {Science}
}

@article{Nowak2006,
archivePrefix = {arXiv},
arxivId = {arXiv:1208.2666v4},
author = {Nowak, Martin A.},
doi = {10.1126/science.1133755},
eprint = {arXiv:1208.2666v4},
isbn = {doi:10.1126/science.1133755},
issn = {00368075},
journal = {Science},
number = {5805},
pages = {1560--1563},
pmid = {17158317},
title = {Five rules for the evolution of cooperation},
volume = {314},
year = {2006}
}

@article{OpenScienceCollaboration2015,
title = {Estimating the reproducibility of psychological science},
author = {{Open Science Collaboration}},
journal = {Science},
volume = {349},
number = {6251},
pages = {aac4716},
year = {2015},
publisher = {American Association for the Advancement of Science},
doi = {10.1126/science.aac4716}
}

@article{Oosterhoff2018,
author = {Oosterhoff, Benjamin and Shook, Natalie J. and Ford, Cameron},
doi = {10.1016/j.bbr.2017.09.005},
issn = {18727549},
journal = {Behavioural Brain Research},
keywords = {Disease avoidance,Disgust,Eye tracking,Political ideology,Social conservatism},
pages = {227--235},
title = {Is that disgust {I} see? Political ideology and biased visual attention},
volume = {336},
year = {2018}
}

@article{Osborne2015,
title = {A latent profile analysis of attributions for poverty: Identifying response patterns underlying people's willingness to help the poor},
journal = {Personality and Individual Differences},
volume = {85},
pages = {149-154},
year = {2015},
issn = {0191-8869},
doi = {10.1016/j.paid.2015.05.007},
url = {https://www.sciencedirect.com/science/article/pii/S0191886915003281},
author = {Danny Osborne and Bernard Weiner},
keywords = {Poverty, Attributions, Conservatism, System justification, Helping, Latent profile analysis}
}

@article{Osborne2017,
author = {Danny Osborne and Petar Milojev and Chris G. Sibley},
title ={Authoritarianism and National Identity: Examining the Longitudinal Effects of {SDO} and {RWA} on Nationalism and Patriotism},
journal = {Personality and Social Psychology Bulletin},
volume = {43},
number = {8},
pages = {1086-1099},
year = {2017},
doi = {10.1177/0146167217704196},
note = {PMID: 28903711},
URL = {https://doi.org/10.1177/0146167217704196},
eprint = {https://doi.org/10.1177/0146167217704196}
}

@article{Osborne2020,
author = {Osborne, Danny and Sibley, Chris G.},
doi = {10.1016/j.jrp.2020.103979},
issn = {10957251},
journal = {Journal of Research in Personality},
pages = {103979},
publisher = {Elsevier Inc.},
title = {Does Openness to Experience predict changes in conservatism? A nine-wave longitudinal investigation into the personality roots to ideology},
url = {https://doi.org/10.1016/j.jrp.2020.103979},
volume = {87},
year = {2020}
}

@misc{Osmundsen2019,
author = {Osmundsen, Mathias and Hendry, David J. and Lautsen, Lasse and Smith, Kevin B. and Petersen, Michael Bang},
title = {The Psychophysiology of Political Ideology: Replications, Reanalysis and Recommendations},
url = {https://psyarxiv.com/49hfg},
year = {2019},
publisher = {PsyArxiv}
}

@article{Oxley2008,
archivePrefix = {arXiv},
arxivId = {10.1126/science.1157627},
author = {Oxley, Douglas R. and Smith, Kevin B. and Alford, John R. and Hibbing, Matthew V. and Miller, Jennifer L. and Scalora, Mario and Hatemi, Peter K. and Hibbing, John R.},
doi = {10.1126/science.1157627},
eprint = {science.1157627},
isbn = {1095-9203 (Electronic)$\backslash$r0036-8075 (Linking)},
issn = {00368075},
journal = {Science},
number = {5896},
pages = {1667--1670},
pmid = {18801995},
primaryClass = {10.1126},
title = {Political attitudes vary with physiological traits},
volume = {321},
year = {2008}
}

@techreport{Panizza2019,
title = {Meta-Context and Choice-Set Effects in Mini-{D}ictator Games},
author = {Folco Panizza and Alexander Vostroknutov and Giorgio Coricelli},
year = {2019},
doi = {10.26481/umagsb.2019010},
series = {GSBE Research Memoranda},
number = {010},
address = {Netherlands},
type = {Working Paper},
institution = {Maastricht University, Graduate School of Business {and} Economics},
}

@article{Patil2016,
author = {Patil, Prasad and Peng, Roger D. and Leek, Jeffrey T.},
title = {A statistical definition for reproducibility and replicability},
elocation-id = {066803},
year = {2016},
doi = {10.1101/066803},
URL = {https://www.biorxiv.org/content/early/2016/07/29/066803},
eprint = {https://www.biorxiv.org/content/early/2016/07/29/066803.full.pdf},
journal = {bioRxiv}
}

@article{Pepper2017,
author = {Pepper, Gillian V. and Nettle, Daniel},
doi = {10.1017/S0140525X1600234X},
issn = {14691825},
journal = {Behavioral and Brain Sciences},
keywords = {Behaviour,Delay discounting,Evolution,Extrinsic mortality,Health,Inequalities,Personal control,Socioeconomic status,Temporal discounting,Time perspective},
title = {The behavioural constellation of deprivation: Causes and consequences},
volume = {40},
year = {2017},
pages = {e314}
}

@article{Petersen2011,
title = {Deservingness versus values in public opinion on welfare: The automaticity of the deservingness heuristic},
author = {Petersen, Michael Bang and Slothuus, Rune and Stubager, Rune and Togeby, Lise},
journal = {European Journal of Political Research},
volume = {50},
number = {1},
pages = {24--52},
year = {2011},
publisher = {Wiley Online Library},
doi = {10.1111/j.1475-6765.2010.01923.x}
}

@article{Petersen2012,
author = {Petersen, Michael Bang and Sznycer, Daniel and Cosmides, Leda and Tooby, John},
doi = {10.1111/j.1467-9221.2012.00883.x},
isbn = {6176321972},
issn = {0162895X},
journal = {Political Psychology},
keywords = {Evolutionary psychology,Public opinion,Social emotions,Social exchange,Social welfare},
number = {3},
pages = {395--418},
title = {Who deserves help? Evolutionary psychology, social emotions, and public opinion about welfare},
volume = {33},
year = {2012}
}

@incollection{Petersen2015,
author = {Petersen, Michael Bang},
booktitle = {The Handbook of Evolutionary Psychology},
editor = {Buss, David M.},
edition = {2},
keywords = {coalitions,conflict,evolutionary psychology,politics,society},
pages = {1084--1102},
publisher = {Wiley},
title = {Evolutionary political psychology},
year = {2015},
doi = {10.1002/9781119125563.evpsych247}
}

@article{Petersen2019,
author = {Petersen, Michael Bang and Laustsen, Lasse},
doi = {10.1111/pops.12505},
issn = {14679221},
journal = {Political Psychology},
keywords = {biopolitics,egalitarianism,evolutionary psychology,physical strength,social dominance orientation},
number = {2},
pages = {375--394},
title = {Upper-body strength and political egalitarianism: twelve conceptual replications},
volume = {40},
year = {2019}
}

@report{PewResearchCenter2014,
author = {{Pew Research Center}},
title = {Political Polarization in the {A}merican Public},
url = {https://www.people-press.org/2014/06/12/political-polarization-in-the-american-public/},
urldate = {2019-09-02},
year = {2014}
}

@misc{PewResearchCenter2020,
author = {{Pew Research Center}},
title = {Voters Rarely Switch Parties, but Recent Shifts Further Educational, Racial Divergence},
url = {https://www.pewresearch.org/politics/2020/08/04/voters-rarely-switch-parties-but-recent-shifts-further-educational-racial-divergence/},
urldate = {2021-02-05},
year = {2020}
}

@article{Peysakhovich2014,
author = {Peysakhovich, Alexander and Nowak, Martin A. and Rand, David G.},
doi = {10.1038/ncomms5939},
journal = {Nature Communications},
pages = {4939},
pmid = {25225950},
title = {Humans display a `cooperative phenotype' that is domain general and temporally stable},
volume = {5},
year = {2014}
}

@article{Piff2020,
title = {Shifting attributions for poverty motivates opposition to inequality and enhances egalitarianism},
author = {Piff, Paul K and Wiwad, Dylan and Robinson, Angela R and Aknin, Lara B and Mercier, Brett and Shariff, Azim},
doi = {10.1038/s41562-020-0835-8},
number = {5},
volume = {4},
month = {May},
year = {2020},
journal = {Nature human behaviour},
issn = {2397-3374},
pages = {496-505},
url = {https://doi.org/10.1038/s41562-020-0835-8}
}

@article{Pisor2020,
author = {Pisor, Anne C. and Gervais, Matthew M. and Purzycki, Benjamin G. and Ross, Cody T.},
title = {Preferences and constraints: the value of economic games for studying human behaviour},
journal = {Royal Society Open Science},
volume = {7},
number = {6},
pages = {192090},
year = {2020},
doi = {10.1098/rsos.192090},
URL = {https://royalsocietypublishing.org/doi/abs/10.1098/rsos.192090},
eprint = {https://royalsocietypublishing.org/doi/pdf/10.1098/rsos.192090}
}

@article{Pleasant2018,
author = {Aleta Pleasant and Pat Barclay},
doi = {10.1177/0956797617752642},
journal = {Psychological Science},
number = {6},
pages = {868--876},
title = {Why Hate the Good Guy? Antisocial Punishment of High Cooperators Is Greater When People Compete To Be Chosen},
volume = {29},
year = {2018}
}

@misc{PoliticalCompass2020,
title = {{N}ew {Z}ealand {G}eneral {E}lection 2020},
url = {https://www.politicalcompass.org/nz2020},
author = {{The Political Compass}},
year = {2020},
month = {Sep}
}

@article{Pratto1994,
author = {Pratto, Felicia and Sidanius, Jim and Stallworth, Lisa M. and Malle, Bertram F.},
doi = {10.1037/0022-3514.67.4.741},
journal = {Journal of Personality and Social Psychology},
number = {4},
pages = {741--763},
pmid = {9411104880},
title = {Social dominance orientation: a personality variable predicting social and political attitudes.},
url = {http://doi.apa.org/getdoi.cfm?doi=10.1037/0022-3514.67.4.741},
volume = {67},
year = {1994}
}

@article{Pratto2013,
author = {Pratto, Felicia and {\c{C}}idam, Atilla and Stewart, Andrew L. and Zeineddine, Fouad Bou and Aranda, Mar{\'{i}}a and Aiello, Antonio and Chryssochoou, Xenia and Cichocka, Aleksandra and Cohrs, J. Christopher and Durrheim, Kevin and Eicher, V{\'{e}}ronique and Foels, Rob and G{\'{o}}rska, Paulina and Lee, I-Ching and Licata, Laurent and Liu, James H. and Li, Liu and Meyer, Ines and Morselli, Davide and Muldoon, Orla and Muluk, Hamdi and Papastamou, Stamos and Petrovic, Igor and Petrovic, Nebojsa and Prodromitis, Gerasimos and Prati, Francesca and Rubini, Monica and Saab, Rim and van Stekelenburg, Jacquelien and Sweetman, Joseph and Zheng, Wenwen and Henkel, Kristen E.},
doi = {10.1177/1948550612473663},
isbn = {1948-5514(Electronic);1948-5506(Print)},
issn = {19485506},
journal = {Social Psychological and Personality Science},
keywords = {cross-cultural,prejudice,social attitudes,social dominance orientation},
number = {5},
pages = {587--599},
title = {Social dominance in context and in individuals: contextual moderation of robust effects of social dominance orientation in 15 languages and 20 countries},
volume = {4},
year = {2013}
}

@article{Price2002,
author = {Price, Michael E. and Cosmides, Leda and Tooby, John},
doi = {10.1016/S1090-5138(01)00093-9},
journal = {Evolution and Human Behavior},
number = {3},
pages = {203--231},
title = {Punitive sentiment as an anti-free rider psychological device},
volume = {23},
year = {2002}
}

@article{Price2011,
author = {Price, Michael E. and Kang, Jinsheng and Dunn, James and Hopkins, Sian},
doi = {10.1016/j.paid.2010.12.009},
issn = {01918869},
journal = {Personality and Individual Differences},
keywords = {Attractiveness,Egalitarianism,Equality,Evolutionary psychology,Muscularity,Social dominance orientation,Social value orientation},
number = {5},
pages = {636--640},
publisher = {Elsevier Ltd},
title = {Muscularity and attractiveness as predictors of human egalitarianism},
url = {http://dx.doi.org/10.1016/j.paid.2010.12.009},
volume = {50},
year = {2011}
}

@article{Price2017,
author = {Price, Michael E. and Sheehy-Skeffington, Jennifer and Sidnaius, James and Pound, Nicholas},
doi = {10.1016/j.evolhumbehav.2017.04.001},
issn = {10905138},
journal = {Evolution and Human Behavior},
keywords = {Attractiveness,Egalitarianism,Facial masculinity,Formidability,Social bargaining power,Social dominance orientation},
number = {5},
pages = {626--634},
title = {Is sociopolitical egalitarianism related to bodily and facial formidability in men?},
volume = {38},
year = {2017}
}

@Manual{R-base,
title = {{R: A Language and Environment for Statistical Computing}},
author = {{R Core Team}},
organization = {R Foundation for Statistical Computing},
address = {Vienna, Austria},
year = {2019},
url = {https://www.R-project.org/},
}

@Article{R-brms,
title = {{brms}: An {R} Package for {Bayesian} Multilevel Models Using {Stan}},
author = {Paul-Christian B{\"u}rkner},
journal = {Journal of Statistical Software},
year = {2017},
volume = {80},
number = {1},
pages = {1--28},
doi = {10.18637/jss.v080.i01}
}

@Article{R-drake,
title = {The drake {R} package: A pipeline toolkit for reproducibility and high-performance computing},
author = {William Michael Landau},
journal = {Journal of Open Source Software},
year = {2018},
volume = {3},
number = {21},
pages = {550},
url = {https://doi.org/10.21105/joss.00550},
}

@Book{R-ggplot2,
author = {Hadley Wickham},
title = {{ggplot2}: Elegant Graphics for Data Analysis},
publisher = {Springer-Verlag New York},
year = {2016},
isbn = {978-3-319-24277-4},
url = {https://ggplot2.tidyverse.org},
}

@Manual{R-cowplot,
title = {{cowplot}: Streamlined Plot Theme and Plot Annotations for `{ggplot2}'},
author = {Claus O. Wilke},
year = {2019},
note = {R package version 1.0.0},
url = {https://CRAN.R-project.org/package=cowplot},
}

@Article{R-lavaan,
title = {{lavaan}: An {R} Package for Structural Equation Modeling},
author = {Yves Rosseel},
journal = {Journal of Statistical Software},
year = {2012},
volume = {48},
number = {2},
pages = {1--36},
url = {http://www.jstatsoft.org/v48/i02/},
doi = {10.18637/jss.v048.i02}
}

@Article{R-loo,
title = {Practical {B}ayesian model evaluation using leave-one-out cross-validation and {WAIC}},
author = {Aki Vehtari and Andrew Gelman and Jonah Gabry},
year = {2017},
journal = {Statistics and Computing},
volume = {27},
issue = {5},
pages = {1413--1432},
doi = {10.1007/s11222-016-9696-4},
}

@Manual{R-ggraph,
title = {{ggraph}: An Implementation of Grammar of Graphics for Graphs and Networks},
author = {Thomas Lin Pedersen},
year = {2020},
note = {R package version 2.0.3},
url = {https://CRAN.R-project.org/package=ggraph},
}

@Book{R-markdown,
title = {R {M}arkdown: The Definitive Guide},
author = {Yihui Xie and J.J. Allaire and Garrett Grolemund},
publisher = {Chapman and Hall/CRC},
address = {Boca Raton, Florida},
year = {2018},
note = {ISBN 9781138359338},
url = {https://bookdown.org/yihui/rmarkdown},
}

@Article{R-mice,
title = {{mice}: Multivariate Imputation by Chained Equations in {R}},
author = {Stef {van Buuren} and Karin Groothuis-Oudshoorn},
journal = {Journal of Statistical Software},
year = {2011},
volume = {45},
number = {3},
pages = {1-67},
url = {https://www.jstatsoft.org/v45/i03/},
doi = {10.18637/jss.v045.i03}
}

@Manual{R-psych,
title = {{psych}: Procedures for Psychological, Psychometric, and Personality Research},
author = {William Revelle},
organization = {Northwestern University},
address = { Evanston, Illinois},
year = {2019},
note = {R package version 1.9.12},
url = {https://CRAN.R-project.org/package=psych},
}

@article{Raihani2019, 
title = {Punishment: one tool, many uses}, 
volume = {1}, 
DOI = {10.1017/ehs.2019.12}, 
journal = {Evolutionary Human Sciences}, 
publisher = {Cambridge University Press}, 
author = {Raihani, Nichola J. and Bshary, Redouan}, 
year = {2019}, 
pages = {e12}
}

@article{Rakoczy2008,
author = {Rakoczy, Hannes and Warneken, Felix and Tomasello, Michael},
doi = {10.1037/0012-1649.44.3.875},
issn = {00121649},
journal = {Developmental Psychology},
keywords = {conventionality,cultural learning,social cognition},
number = {3},
pages = {875--881},
title = {The sources of normativity: Young children's awareness of the normative structure of games},
volume = {44},
year = {2008}
}

@article{Reigstad2017,
author={Reigstad, Amanda G. and Str{\o}mland, Eirik A. and Tingh{\"o}g, Gustav},   
title={Extending the Cooperative Phenotype: Assessing the Stability of Cooperation across Countries}, 
journal={Frontiers in Psychology},      
volume={8},      
pages={1990},     
year={2017},      
url={https://www.frontiersin.org/article/10.3389/fpsyg.2017.01990},       
doi={10.3389/fpsyg.2017.01990},      
issn={1664-1078}
}

@incollection{Rentfrow2009,
address = {New York, NY, US},
author = {Rentfrow, Peter J and Jost, John T and Gosling, Samuel D and Potter, Jeffrey},
booktitle = {Social and psychological bases of ideology and system justification},
editor = {Jost, John T and Kay, Aaron C and Thorisdottir, Hulda},
doi = {10.1093/acprof:oso/9780195320916.003.013},
isbn = {978-0-19-532091-6 (Hardcover)},
pages = {314--347},
publisher = {Oxford University Press},
title = {Statewide differences in personality predict voting patterns in 1996-2004 {U.S.} {P}residential elections},
year = {2009}
}

@book{Richerson2005,
address = {Chicago},
author = {Richerson, Peter J and Boyd, Robert},
isbn = {9780226712123},
keywords = {Culture -- Origin,Human evoluti,Social evolution},
publisher = {University of Chicago Press},
title = {Not by Genes Alone: How Culture Transformed Human Evolution},
year = {2005}
}

@article{Richerson2016,
title = {Cultural group selection plays an essential role in explaining human cooperation: A sketch of the evidence},
volume = {39},
doi = {10.1017/S0140525X1400106X},
journal = {Behavioral and Brain Sciences},
publisher = {Cambridge University Press},
author = {Richerson, Peter and Baldini, Ryan and Bell, Adrian V. and Demps, Kathryn and Frost, Karl and Hillis, Vicken and Mathew, Sarah and Newton, Emily K. and Naar, Nicole and Newson, Lesley and Ross, Cody and Smaldino, Paul E. and Waring, Timothy M. and Zefferman, Matthew},
year = {2016},
pages = {e30}
}

@article{Riedl2012,
author = {Riedl, K. and Jensen, K. and Call, J. and Tomasello, M.},
doi = {10.1073/pnas.1203179109},
isbn = {1091-6490 (Electronic)$\backslash$n0027-8424 (Linking)},
issn = {0027-8424},
journal = {Proceedings of the National Academy of Sciences of the United States of America},
number = {37},
pages = {14824--14829},
pmid = {22927412},
title = {No third-party punishment in chimpanzees},
url = {http://www.pnas.org/cgi/doi/10.1073/pnas.1203179109},
volume = {109},
year = {2012}
}

@article{Rogers1988,
archivePrefix = {arXiv},
arxivId = {arXiv:1011.1669v3},
author = {Rogers, Alan R.},
doi = {10.1525/aa.1988.90.4.02a00030},
eprint = {arXiv:1011.1669v3},
isbn = {1548-1433},
issn = {0002-7294},
journal = {American Anthropologist},
number = {4},
pages = {819--831},
pmid = {19963286},
title = {Does biology constrain culture?},
url = {http://doi.wiley.com/10.1525/aa.1988.90.4.02a00030},
volume = {90},
year = {1988}
}

@book{Rokeach1973,
address = {New York},
author = {Rokeach, M.},
publisher = {Free Press},
title = {The Nature of Human Values},
year = {1973}
}

@article{Ruck2020,
title = {The cultural foundations of modern democracies},
author = {Ruck, Damian J and Matthews, Luke J and Kyritsis, Thanos and Atkinson, Quentin D and Bentley, R Alexander},
journal = {Nature human behaviour},
volume = {4},
number = {3},
pages = {265--269},
year = {2020},
publisher = {Nature Publishing Group},
doi = {10.1038/s41562-019-0769-1}
}

@article{Rustagi2010,
author = {Rustagi, Devesh and Stefanie, Engel and Kosfeld, Michael},
doi = {10.1126/science.1193649},
issn = {00368075},
journal = {Science},
number = {6006},
pages = {961--965},
title = {Conditional cooperation and costly monitoring explain success in forest commons management},
volume = {330},
year = {2010}
}

@article{Satherley2020,
author = {Satherley, Nicole and Sibley, Chris G. and Osborne, Danny},
title = {Ideology before party: Social dominance orientation and right-wing authoritarianism temporally precede political party support},
journal = {British Journal of Social Psychology},
year = {2021},
volume = {60},
number = {2},
pages = {509--523},
keywords = {cross-lagged panel model, ideology, party support, political attitudes, RWA, SDO},
doi = {10.1111/bjso.12414},
url = {https://onlinelibrary.wiley.com/doi/abs/10.1111/bjso.12414},
eprint = {https://onlinelibrary.wiley.com/doi/pdf/10.1111/bjso.12414}
}

@article{Saucier2000,
author = {Saucier, G},
doi = {10.1037//0022-3514.78.2.366},
isbn = {0022-3514},
issn = {0022-3514},
journal = {Journal of Personality and Social Psychology},
number = {2},
pages = {366--385},
pmid = {10707341},
title = {Isms and the structure of social attitudes},
url = {http://doi.apa.org/getdoi.cfm?doi=10.1037/0022-3514.78.2.366},
volume = {78},
year = {2000}
}

@article{Schaller2011,
author = {Schaller, Mark and Park, Justin H.},
doi = {10.1177/0963721411402596},
isbn = {0963-7214},
issn = {09637214},
journal = {Current Directions in Psychological Science},
keywords = {behavioral immune system,culture,disease,disgust,personality,prejudice},
number = {2},
pages = {99--103},
pmid = {10430913},
title = {The behavioral immune system (and why it matters)},
volume = {20},
year = {2011}
}

@article{Schickler1997,
author = {Eric Schickler and Donald Philip Green},
title = {The Stability of Party Identification in {W}estern Democracies: Results from Eight Panel Surveys},
journal = {Comparative Political Studies},
volume = {30},
number = {4},
pages = {450-483},
year = {1997},
doi = {10.1177/0010414097030004003},
URL = {https://doi.org/10.1177/0010414097030004003},
eprint = {https://doi.org/10.1177/0010414097030004003}
}

@article{Schulz2019,
author = {Schulz, Jonathan F. and Bahrami-Rad, Duman and Beauchamp, Jonathan P. and Henrich, Joseph},
doi = {10.1126/science.aau5141},
issn = {10959203},
journal = {Science},
number = {6466},
pages = {eaau5141},
pmid = {31699908},
title = {The {C}hurch, intensive kinship, and global psychological variation},
volume = {366},
year = {2019}
}

@incollection{Schwartz1992,
author = {Schwartz, S. H.},
booktitle = {Advances in Experimental Social Psychology},
pages = {1--65},
publisher = {Elsevier},
editor = {Zanna, M. P.},
title = {Universals in the content and structure of values: theoretical advances and empirical tests in 20 countries},
volume = {25},
year = {1992},
doi = {10.1016/S0065-2601(08)60281-6}
}

@inproceedings{Schwartz1996,
address = {Hillsdale, NJ},
author = {Schwartz, S. H.},
booktitle = {The Psychology of Values},
series = {The {O}ntario Symposium},
editor = {Seligman, C. and Olson, J. M. and Zanna, M. P.},
pages = {1--24},
publisher = {Erlbaum},
volume = {8},
title = {Value priorities and behavior: applying a theory of integrated value systems},
year = {1996}
}

@article{Scott-Phillips2011,
author = {Scott-Phillips, Thomas C. and Dickins, Thomas E. and West, Stuart A.},
doi = {10.1177/1745691610393528},
isbn = {1745-6916},
issn = {17456916},
journal = {Perspectives on Psychological Science},
keywords = {Cooperation,Culture,Epigenetics,Evolution,Ultimate-proximate},
number = {1},
pages = {38--47},
pmid = {8439},
title = {Evolutionary theory and the ultimate-proximate distinction in the human behavioral sciences},
volume = {6},
year = {2011}
}

@article{Scott2007,
author = {Scott, Jennifer and Lockard, Joan S.},
doi = {10.1007/s10764-007-9161-5},
issn = {01640291},
journal = {International Journal of Primatology},
keywords = {Alliances,Competition,Female,Gorilla},
number = {4},
pages = {761--781},
title = {Competition coalitions and conflict interventions among captive female gorillas},
volume = {28},
year = {2007}
}

@article{Sheehan2018,
author = {Sheehan, Oliver and Watts, Joseph and Gray, Russell D. and Atkinson, Quentin D.},
title = {Coevolution of landesque capital intensive agriculture and sociopolitical hierarchy},
volume = {115},
number = {14},
pages = {3628--3633},
year = {2018},
doi = {10.1073/pnas.1714558115},
journal = {Proceedings of the National Academy of Sciences of the United States of America}
}

@article{Shook2009,
author = {Shook, Natalie J. and Fazio, Russell H.},
doi = {10.1016/j.jesp.2009.04.003},
isbn = {0022-1031},
issn = {00221031},
journal = {Journal of Experimental Social Psychology},
keywords = {Attitudes,Conservatism,Exploratory behavior,Liberalism,Political ideology},
number = {4},
pages = {995--998},
title = {Political ideology, exploration of novel stimuli, and attitude formation},
volume = {45},
year = {2009}
}

@article{Shook2017,
title = {``Dirty politics'': The role of disgust sensitivity in voting},
author = {Shook, Natalie J and Oosterhoff, Benjamin and {Terrizzi Jr.}, John A and Brady, Kyla M},
journal = {Translational Issues in Psychological Science},
volume = {3},
number = {3},
pages = {284--297},
year = {2017},
publisher = {Educational Publishing Foundation},
doi = {10.1037/tps0000111}
}

@article{Shrout2018,
author = {Shrout, Patrick E. and Rodgers, Joseph L.},
title = {Psychology, Science, and Knowledge Construction: Broadening Perspectives from the Replication Crisis},
journal = {Annual Review of Psychology},
volume = {69},
number = {1},
pages = {487-510},
year = {2018},
doi = {10.1146/annurev-psych-122216-011845},
note ={PMID: 29300688}
}

@article{Sibley2007,
author = {Sibley, Chris G. and Wilson, Marc S. and Duckitt, John},
title = {Effects of Dangerous and Competitive Worldviews on Right-Wing Authoritarianism and Social Dominance Orientation over a Five-Month Period},
journal = {Political Psychology},
volume = {28},
number = {3},
pages = {357-371},
keywords = {Social dominance orientation, Right-wing authoritarianism, longitudinal change, social worldviews},
doi = {10.1111/j.1467-9221.2007.00572.x},
url = {https://onlinelibrary.wiley.com/doi/abs/10.1111/j.1467-9221.2007.00572.x},
eprint = {https://onlinelibrary.wiley.com/doi/pdf/10.1111/j.1467-9221.2007.00572.x},
year = {2007}
}

@article{Sibley2010a,
author = {Sibley, Chris G. and Duckitt, John},
title = {The Ideological Legitimation of the Status Quo: Longitudinal Tests of a Social Dominance Model},
journal = {Political Psychology},
volume = {31},
number = {1},
pages = {109-137},
keywords = {Social Dominance Theory, System Justification Theory, Ideology, Prejudice, Social Policy, Longitudinal},
doi = {10.1111/j.1467-9221.2009.00747.x},
url = {https://onlinelibrary.wiley.com/doi/abs/10.1111/j.1467-9221.2009.00747.x},
eprint = {https://onlinelibrary.wiley.com/doi/pdf/10.1111/j.1467-9221.2009.00747.x},
year = {2010}
}

@article{Sibley2013,
author = {Chris G. Sibley and John Duckitt},
title = {The Dual Process Model of Ideology and Prejudice: A Longitudinal Test During a Global Recession},
journal = {The Journal of Social Psychology},
volume = {153},
number = {4},
pages = {448-466},
year  = {2013},
publisher = {Routledge},
doi = {10.1080/00224545.2012.757544},
note = {PMID: 23951951},
URL = {https://doi.org/10.1080/00224545.2012.757544},
eprint = {https://doi.org/10.1080/00224545.2012.757544}
}

@report{Sibley2020,
title = {Sampling Procedure and Sample Details for the {N}ew {Z}ealand {A}ttitudes and {V}alues {S}tudy},
author = {Sibley, C G},
year = {2020},
journal = {NZAVS Technical Documents},
pages = {e01},
url = {http://www.psych.auckland.ac.nz/uoa/NZAVS},
}

@article{Sidanius1994,
title = {Social dominance orientation and the political psychology of gender: A case of invariance?},
author = {Sidanius, Jim and Pratto, Felicia and Bobo, Lawrence},
journal = {Journal of Personality and Social Psychology},
volume = {67},
number = {6},
pages = {998--1011},
year = {1994},
publisher = {American Psychological Association},
doi = {10.1037/0022-3514.67.6.998}
}

@article{Sidanius1996,
title = {Racism, conservatism, {A}ffirmative {A}ction, and intellectual sophistication: A matter of principled conservatism or group dominance?},
author = {Sidanius, Jim and Pratto, Felicia and Bobo, Lawrence},
journal = {Journal of personality and social psychology},
volume = {70},
number = {3},
pages = {476--490},
year = {1996},
publisher = {American Psychological Association},
doi = {10.1037/0022-3514.70.3.476}
}

@article{Sidanius2000,
title = {Social dominance orientation, anti-egalitarianism and the political psychology of gender: An extension and cross-cultural replication},
author = {Sidanius, Jim and Levin, Shana and Liu, James and Pratto, Felicia},
journal = {European journal of social psychology},
volume = {30},
number = {1},
pages = {41--67},
year = {2000},
publisher = {Wiley Online Library},
doi = {10.1002/(SICI)1099-0992(200001/02)30:1<41::AID-EJSP976>3.0.CO;2-O}
}

@book{Sidanius2001,
title = {Social dominance: An intergroup theory of social hierarchy and oppression},
author = {Sidanius, Jim and Pratto, Felicia},
year = {2001},
publisher = {Cambridge University Press},
doi = {10.1017/CBO9781139175043}
}

@article{Silk2005,
author = {Silk, Joan B. and Brosnan, Sarah F. and Vonk, Jennifer and Henrich, Joseph and Povinelli, Daniel J. and Richardson, Amanda S. and Lambeth, Susan P. and Mascaro, Jenny and Schapiro, Steven J.},
doi = {10.1038/nature04243},
isbn = {1476-4687 (Electronic)$\backslash$r0028-0836 (Linking)},
issn = {14764687},
journal = {Nature},
number = {7063},
pages = {1357--1359},
pmid = {16251965},
title = {Chimpanzees are indifferent to the welfare of unrelated group members},
volume = {437},
year = {2005}
}

@article{Sinn2017,
author = {Sinn, Jeffrey S. and Hayes, Matthew W.},
doi = {10.1111/pops.12361},
issn = {14679221},
journal = {Political Psychology},
keywords = {coalitional theory,evolutionary psychology,ideology,moral foundations},
number = {6},
pages = {1043--1064},
title = {Replacing the moral foundations: an evolutionary-coalitional theory of liberal-conservative differences},
volume = {38},
year = {2017}
}

@book{Skyrms2003,
place = {Cambridge},
title = {The Stag Hunt and the Evolution of Social Structure},
doi = {10.1017/CBO9781139165228},
publisher = {Cambridge University Press},
author = {Skyrms, Brian},
year = {2003}
}

@article{Slothuus2010,
title = {Political parties, motivated reasoning, and issue framing effects},
author = {Slothuus, Rune and {de Vreese}, Claes H},
journal = {The Journal of Politics},
volume = {72},
number = {3},
pages = {630--645},
year = {2010},
publisher = {Cambridge University Press New York, USA},
doi = {10.1017/s002238161000006x}
}

@article{Smirnov2010,
author = {Smirnov, Oleg and Dawes, Christopher T. and Fowler, James H. and Johnson, Tim and McElreath, Richard},
title = {The behavioral logic of collective action: Partisans cooperate and punish more than nonpartisans},
journal = {Political Psychology},
volume = {31},
number = {4},
pages = {595-616},
doi = {10.1111/j.1467-9221.2010.00768.x},
year = {2010}
}

@article{Smith2011,
author = {Smith, Kevin B. and Oxley, Douglas and Hibbing, Matthew V. and Alford, John R. and Hibbing, John R.},
doi = {10.1371/journal.pone.0025552},
isbn = {10.1371/journal.pone.0025552},
issn = {19326203},
journal = {PLoS ONE},
number = {10},
pages = {e25552},
pmid = {22039415},
title = {Disgust sensitivity and the neurophysiology of left-right political orientations},
volume = {6},
year = {2011}
}

@article{Snell-Rood2013,
author = {Snell-Rood, Emilie C.},
doi = {10.1016/j.anbehav.2012.12.031},
isbn = {0003-3472},
issn = {00033472},
journal = {Animal Behaviour},
keywords = {Cognition,Human-induced rapid environmental change (HIREC),Life history,Niche construction,Phenotypic plasticity,Variable environment},
number = {5},
pages = {1004--1011},
title = {An overview of the evolutionary causes and consequences of behavioural plasticity},
volume = {85},
year = {2013}
}

@article{Sng2018,
author = {Sng, Oliver and Neuberg, Steven L. and Varnum, Michael E. W. and Kenrick, Douglas T.},
doi = {10.1037/rev0000104},
issn = {0033295X},
journal = {Psychological Review},
keywords = {Behavioral ecology,Cultural psychology,Evoked culture,Phenotypic plasticity},
number = {5},
pages = {714--743},
title = {The behavioral ecology of cultural psychological variation},
volume = {125},
year = {2018}
}

@article{Stallen2012,
author = {Stallen, Mirre and {De Dreu}, Carsten K. W. and Shalvi, Shaul and Smidts, Ale and Sanfey, Alan G.},
doi = {10.1177/0956797612446026},
issn = {14679280},
journal = {Psychological Science},
keywords = {decision making,judgment,neuroendocrinology,social behavior,social influences},
number = {11},
pages = {1288--1292},
title = {The herding hormone: oxytocin stimulates in-group conformity},
volume = {23},
year = {2012}
}

@article{Stanford1998,
author = {Stanford, Craig B.},
doi = {10.1086/204757},
issn = {00113204},
journal = {Current Anthropology},
mendeley-groups = {Political Psychology Handbook/Biological basis},
number = {4},
pages = {399--420},
title = {The social behavior of chimpanzees and bonobos: Empirical evidence and shifting assumptions},
volume = {39},
year = {1998}
}

@incollection{Stangor2006,
author = {Stangor, Charles and Leary, S P},
booktitle = {Advances in Experimental Social Psychology},
editor = {Zanna, M P},
issn = {0065-2601},
pages = {243--281},
publisher = {Elsevier Academic Press},
title = {Intergroup beliefs: investigations from the social side},
volume = {38},
year = {2006},
doi = {10.1016/S0065-2601(06)38005-7}
}

@article{Stanley2019,
author = {Stanley, Samantha K. and Milfont, Taciano L. and Wilson, Marc S. and Sibley, Chris G.},
doi = {10.1371/journal.pone.0219067},
journal = {PLoS ONE},
number = {7},
pages = {1--15},
title = {The influence of social dominance orientation and right-wing authoritarianism on environmentalism: A five-year cross-lagged analysis},
volume = {14},
year = {2019}
}

@article{Starmans2017,
title = {Why people prefer unequal societies},
author = {Starmans, Christina and Sheskin, Mark and Bloom, Paul},
journal = {Nature Human Behaviour},
volume = {1},
number = {4},
pages = {0082},
year = {2017},
publisher = {Nature Publishing Group},
doi = {10.1038/s41562-017-0082}
}

@book{Stenner2005,
address = {New York},
author = {Stenner, K.},
publisher = {Cambridge University Press},
title = {The Authoritarian Dynamic},
year = {2005},
doi = {10.1017/CBO9780511614712}
}

@article{Sterelny2007,
author = {Sterelny, Kim},
doi = {10.1098/rstb.2006.2006},
isbn = {0962-8436},
issn = {0962-8436},
journal = {Philosophical transactions of the Royal Society of London. Series B, Biological sciences},
keywords = {Cooperative Behavior,Evolution,Humans,Intelligence,Models,Social Behavior,Social Environment,Theoretical,division of labour,evolution of cooperation,niche construction,social intelligence},
number = {1480},
pages = {719--730},
pmid = {17255005},
title = {Social intelligence, human intelligence and niche construction.},
url = {http://www.pubmedcentral.nih.gov/articlerender.fcgi?artid=2346527{\&}tool=pmcentrez{\&}rendertype=abstract},
volume = {362},
year = {2007}
}

@article{Sterelny2016,
author = {Sterelny, Kim},
doi = {10.1093/bjps/axu024},
issn = {14643537},
journal = {British Journal for the Philosophy of Science},
number = {1},
pages = {31--58},
title = {Cooperation, culture, and conflict},
volume = {67},
year = {2016}
}

@article{Sweetser2014,
author = {Kaye D. Sweetser},
title = {Partisan Personality: The Psychological Differences Between {D}emocrats and {R}epublicans, and Independents Somewhere in Between},
journal = {American Behavioral Scientist},
volume = {58},
number = {9},
pages = {1183-1194},
year = {2014},
doi = {10.1177/0002764213506215},
URL = {https://doi.org/10.1177/0002764213506215},
eprint = {https://doi.org/10.1177/0002764213506215}
}

@article{Talhelm2014,
archivePrefix = {arXiv},
arxivId = {arXiv:1011.1669v3},
author = {Talhelm, Thomas and Zhang, X. and Oishi, S. and Shimin, C. and Duan, D. and Lan, X. and Kitayama, S.},
doi = {10.1126/science.1246850},
eprint = {arXiv:1011.1669v3},
isbn = {0036-8075$\backslash$r1095-9203},
issn = {0036-8075},
journal = {Science},
number = {6184},
pages = {603--608},
pmid = {1000105396},
title = {Large-scale psychological differences within {C}hina explained by rice versus wheat agriculture},
volume = {344},
year = {2014}
}

@article{Terrizzi2013,
author = {{Terrizzi Jr.}, John A and Shook, Natalie J and McDaniel, Michael A},
doi = {10.1016/j.evolhumbehav.2012.10.003},
isbn = {1090-5138},
issn = {10905138},
journal = {Evolution and Human Behavior},
keywords = {Behavioral immune system,Disgust,Social conservatism},
number = {2},
pages = {99--108},
title = {The behavioral immune system and social conservatism: A meta-analysis},
volume = {34},
year = {2013}
}

@article{Thielmann2020,
author = {Thielmann, Isabel and Spadaro, Giuliana and Balliet, Daniel},
doi = {10.1037/bul0000217},
issn = {00332909},
journal = {Psychological Bulletin},
keywords = {Cooperation,Games,Individual differences,Interdependence,Personality,Prosocial behavior},
number = {1},
pages = {30--90},
title = {Personality and prosocial behavior: A theoretical framework and meta-analysis},
volume = {146},
year = {2020}
}

@article{Thomsen2008,
author = {Thomsen, Lotte and Green, Eva G. T. and Sidanius, Jim},
doi = {10.1016/j.jesp.2008.06.011},
isbn = {0022-1031},
issn = {00221031},
journal = {Journal of Experimental Social Psychology},
keywords = {Ethnic aggression and persecution,Immigrant assimilation,Right-wing authoritarianism,Social dominance orientation,Status boundary enforcement},
number = {6},
pages = {1455--1464},
title = {We will hunt them down: how social dominance orientation and right-wing authoritarianism fuel ethnic persecution of immigrants in fundamentally different ways},
volume = {44},
year = {2008}
}

@article{Tinbergen1963,
author = {Tinbergen, N.},
doi = {10.1111/j.1439-0310.1963.tb01161.x},
issn = {14390310},
journal = {Zeitschrift f{\"{u}}r Tierpsychologie},
number = {4},
pages = {410--433},
title = {On aims and methods of ethology},
volume = {20},
year = {1963}
}

@article{Toelch2014,
author = {Toelch, Ulf  and Bruce, Matthew J.  and Newson, Lesley  and Richerson, Peter J.  and Reader, Simon M. },
title = {Individual consistency and flexibility in human social information use},
journal = {Proceedings of the Royal Society B: Biological Sciences},
volume = {281},
number = {1776},
pages = {20132864},
year = {2014},
doi = {10.1098/rspb.2013.2864},
URL = {https://royalsocietypublishing.org/doi/abs/10.1098/rspb.2013.2864},
eprint = {https://royalsocietypublishing.org/doi/pdf/10.1098/rspb.2013.2864}
}

@article{Tomasello2012,
author = {Tomasello, Michael and Melis, Alicia P. and Tennie, Claudio and Wyman, Emily and Herrmann, Esther},
doi = {10.1086/668207},
isbn = {00113204$\backslash$r15375382},
issn = {0011-3204},
journal = {Current Anthropology},
number = {6},
pages = {673--692},
title = {Two key steps in the evolution of human cooperation: the interdependence hypothesis},
url = {http://www.journals.uchicago.edu/doi/10.1086/668207},
volume = {53},
year = {2012}
}

@article{Tomasello2013,
author = {Tomasello, Michael and Vaish, Amrisha},
doi = {10.1146/annurev-psych-113011-143812},
isbn = {1545-2085 (Electronic)$\backslash$r0066-4308 (Linking)},
issn = {0066-4308},
journal = {Annual Review of Psychology},
number = {1},
pages = {231--255},
pmid = {22804772},
title = {Origins of human cooperation and morality},
url = {http://www.annualreviews.org/doi/10.1146/annurev-psych-113011-143812},
volume = {64},
year = {2013}
}

@book{Tomasello2016,
address = {Cambridge, Mass.},
author = {Tomasello, Michael},
publisher = {Harvard University Press},
title = {A Natural History of Human Morality},
year = {2016}
}

@book{Tomkins1964,
address = {New York},
author = {Tomkins, S.},
publisher = {Springer},
title = {The Polarity Scale},
year = {1964}
}

@article{Treier2009,
author = {Treier, Shawn and Hillygus, D. Sunshine},
doi = {10.1093/poq/nfp067},
isbn = {0033-362X},
issn = {0033362X},
journal = {Public Opinion Quarterly},
number = {4},
pages = {679--703},
title = {The nature of political ideology in the contemporary electorate},
volume = {73},
year = {2009}
}

@article{Triandis1998,
archivePrefix = {arXiv},
arxivId = {arXiv:1011.1669v3},
author = {Triandis, Harry C. and Gelfand, Michele J.},
doi = {10.1037/0022-3514.74.1.118},
eprint = {arXiv:1011.1669v3},
isbn = {0022-3514$\backslash$r1939-1315},
issn = {00223514},
journal = {Journal of Personality and Social Psychology},
number = {1},
pages = {118--128},
pmid = {532},
title = {Converging measurement of horizontal and vertical individualism and collectivism},
volume = {74},
year = {1998}
}

@book{Trompenaars1993,
address = {London},
author = {Trompenaars, F.},
publisher = {Brealey},
title = {Riding the Waves of Culture},
year = {1993}
}

@book{Tuschman2013,
address = {Amherst, NY},
author = {Tuschman, Avi},
publisher = {Prometheus Books},
title = {Our Political Nature: The Evolutionary Origins of What Divides Us},
year = {2013}
}

@article{Tyagi2018,
author = {Vaibhav Tyagi and Yaniv Hanoch and Becky Choma and Susan L Denham},
title = {The `Right' Side of Creativity: Creative Personality and Social Risk-Taking Predict Political Party Affiliation},
journal = {Creativity Research Journal},
volume = {30},
number = {4},
pages = {451-460},
year  = {2018},
publisher = {Routledge},
doi = {10.1080/10400419.2018.1540252},
URL = {https://doi.org/10.1080/10400419.2018.1540252},
eprint = {https://doi.org/10.1080/10400419.2018.1540252}
}

@article{Tybur2010,
author = {Tybur, Joshua M. and Merriman, Leslie A. and Hooper, Ann E Caldwell and McDonald, Melissa M. and Navarrete, Carlos David},
doi = {10.1177/147470491000800406},
isbn = {1474-7049 (Electronic)$\backslash$r1474-7049 (Linking)},
issn = {14747049},
journal = {Evolutionary Psychology},
keywords = {Disgust,Individual differences,Pathogen avoidance,Political attitudes},
number = {4},
pages = {599--616},
pmid = {22947823},
title = {Extending the behavioral immune system to political psychology: Are political conservatism and disgust sensitivity really related?},
volume = {8},
year = {2010}
}

@article{Tybur2016,
author = {Tybur, Joshua M. and Inbar, Yoel and Aar{\o}e, Lene and Barclay, Pat and Barlow, Fiona Kate and {de Barra}, M{\'{i}}che{\'{a}}l and Becker, D. Vaughn and Borovoi, Leah and Choi, Incheol and Choi, Jong An and Consedine, Nathan S. and Conway, Alan and Conway, Jane Rebecca and Conway, Paul and Adoric, Vera Cubela and Demirci, Dilara Ekin and Fern{\'{a}}ndez, Ana Mar{\'{i}}a and Ferreira, Diogo Conque Seco and Ishii, Keiko and Jak{\v{s}}i{\'{c}}, Ivana and Ji, Tingting and van Leeuwen, Florian and Lewis, David M. G. and Li, Norman P. and McIntyre, Jason C. and Mukherjee, Sumitava and Park, Justin H. and Pawlowski, Boguslaw and Petersen, Michael Bang and Pizarro, David and Prodromitis, Gerasimos and Prokop, Pavol and Rantala, Markus J. and Reynolds, Lisa M. and Sandin, Bonifacio and Sevi, Baris and {De Smet}, Delphine and Srinivasan, Narayanan and Tewari, Shruti and Wilson, Cameron and Yong, Jose C. and {\v{Z}}e{\v{z}}elj, Iris},
doi = {10.1073/pnas.1607398113},
isbn = {1091-6490 (Electronic) 0027-8424 (Linking)},
issn = {0027-8424},
journal = {Proceedings of the National Academy of Sciences of the United States of America},
number = {44},
pages = {12408--12413},
pmid = {27791090},
title = {Parasite stress and pathogen avoidance relate to distinct dimensions of political ideology across 30 nations},
url = {http://www.pnas.org/lookup/doi/10.1073/pnas.1607398113},
volume = {113},
year = {2016}
}

@article{Vaish2011,
author = {Vaish, Amrisha and Carpenter, Malinda and Tomasello, Michael},
doi = {10.1037/a0024462},
isbn = {0012-1649$\backslash$r1939-0599},
issn = {00121649},
journal = {Developmental Psychology},
keywords = {Appeasement,Guilt,Moral emotions,Social emotions},
number = {5},
pages = {1248--1262},
pmid = {21767013},
title = {Young children's responses to guilt displays},
volume = {47},
year = {2011}
}

@article{VanBergen2004,
author = {{van Bergen}, Yfke and Coolen, Isabelle and Laland, Kevin N.},
doi = {10.1098/rspb.2004.2684},
isbn = {0962-8452 (Print)$\backslash$n0962-8452 (Linking)},
issn = {14712970},
journal = {Proceedings of the Royal Society B: Biological Sciences},
keywords = {Decision making,Nine-spined stickleback,Optimal foraging theory,Patch assessment,Public information,Social learning},
number = {1542},
pages = {957--962},
pmid = {15255051},
title = {Nine-spined sticklebacks exploit the most reliable source when public and private information conflict},
volume = {271},
year = {2004}
}

@book{vanBuuren2018,
title = {Flexible imputation of missing data},
author = {{van Buuren}, Stef},
year = {2018},
publisher = {CRC Press},
edition = {2},
doi = {10.1201/9780429492259}
}

@article{VandenBerg2018,
author = {{van den Berg}, Pieter and Wenseleers, Tom},
doi = {10.1038/s41467-018-04493-1},
issn = {20411723},
journal = {Nature Communications},
pages = {2151},
publisher = {Springer US},
title = {Uncertainty about social interactions leads to the evolution of social heuristics},
url = {http://dx.doi.org/10.1038/s41467-018-04493-1},
volume = {9},
number = {1},
year = {2018}
}

@article{vanDeSchoot2012,
author = {Rens {van de Schoot} and Peter Lugtig and Joop Hox},
title = {A checklist for testing measurement invariance},
journal = {European Journal of Developmental Psychology},
volume = {9},
number = {4},
pages = {486-492},
year  = {2012},
publisher = {Routledge},
doi = {10.1080/17405629.2012.686740},
URL = {https://doi.org/10.1080/17405629.2012.686740},
eprint = {https://doi.org/10.1080/17405629.2012.686740}
}

@article{VanLange2012,
author = {{van Lange}, Paul A. M. and Bekkers, Ren{\'{e}} and Chirumbolo, Antonio and Leone, Luigi},
doi = {10.1002/per.845},
isbn = {1099-0984},
issn = {08902070},
journal = {European Journal of Personality},
keywords = {Attitudes,Personality types,Social interaction},
number = {5},
pages = {461--473},
pmid = {21604892},
title = {Are Conservatives Less Likely to be Prosocial Than Liberals? From Games to Ideology, Political Preferences and Voting},
volume = {26},
year = {2012}
}

@article{VanLange2013,
author = {{van Lange}, Paul A M and Joireman, Jeff and Parks, Craig D. and {van Dijk}, Eric},
doi = {10.1016/j.obhdp.2012.11.003},
isbn = {0749-5978},
issn = {07495978},
journal = {Organizational Behavior and Human Decision Processes},
keywords = {Human cooperation,Punishment,Reward,Self-interest,Social decision making,Social dilemma,Trust},
number = {2},
pages = {125--141},
title = {The psychology of social dilemmas: a review},
url = {http://dx.doi.org/10.1016/j.obhdp.2012.11.003},
volume = {120},
year = {2013}
}

@article{VanWilgenburg2010,
author = {{van Wilgenburg}, Ellen and Torres, Candice W. and Tsutsui, Neil D.},
doi = {10.1111/j.1752-4571.2009.00114.x},
issn = {17524563},
journal = {Evolutionary Applications},
keywords = {Cuticular hydrocarbon,Invasive species,Linepithema humile,Nestmate recognition,Population genetics,Supercolony},
number = {2},
pages = {136--143},
title = {The global expansion of a single ant supercolony},
volume = {3},
year = {2010}
}

@article{Vardy2019,
author = {Tom Vardy and Quentin D. Atkinson},
doi = {10.1177/0956797619826972},
eprint = {https://doi.org/10.1177/0956797619826972},
journal = {Psychological Science},
number = {4},
pages = {563-575},
title = {Property Damage and Exposure to Other People in Distress Differentially Predict Prosocial Behavior After a Natural Disaster},
url = {https://doi.org/10.1177/0956797619826972},
volume = {30},
year = {2019}
}

@article{Vazire2018,
author = {Simine Vazire},
title = {Implications of the Credibility Revolution for Productivity, Creativity, and Progress},
journal = {Perspectives on Psychological Science},
volume = {13},
number = {4},
pages = {411-417},
year = {2018},
doi = {10.1177/1745691617751884}
}

@article{Verhulst2012,
author = {Verhulst, Brad and Hatemi, Peter K. and Eaves, Lindon J.},
doi = {10.1111/j.1467-9221.2012.00882.x},
issn = {0162895X},
journal = {Political Psychology},
keywords = {Behavioral genetics,Bottom-up,Ideology,Top-down},
number = {3},
pages = {375--393},
pmid = {22904584},
title = {Disentangling the importance of psychological predispositions and social constructions in the organization of {A}merican political ideology},
volume = {33},
year = {2012}
}

@article{Wallace2007,
author = {Wallace, B. and Cesarini, D. and Lichtenstein, P. and Johannesson, M.},
doi = {10.1073/pnas.0706642104},
isbn = {0706642104},
issn = {0027-8424},
journal = {Proceedings of the National Academy of Sciences of the United States of America},
number = {40},
pages = {15631--15634},
pmid = {17909184},
title = {Heritability of ultimatum game responder behavior},
url = {http://www.pnas.org/cgi/doi/10.1073/pnas.0706642104},
volume = {104},
year = {2007}
}

@article{Warneken2006a,
author = {Warneken, Felix and Chen, Frances and Tomasello, Michael},
doi = {10.1111/j.1467-8624.2006.00895.x},
isbn = {0009-3920 (Print)},
issn = {00093920},
journal = {Child Development},
number = {3},
pages = {640--663},
pmid = {16686793},
title = {Cooperative activities in young children and chimpanzees},
volume = {77},
year = {2006}
}

@article{Warneken2006b,
author = {Warneken, Felix and Tomasello, Michael},
doi = {10.1126/science.1121448},
isbn = {1095-9203 (Electronic)$\backslash$n0036-8075 (Linking)},
issn = {00368075},
journal = {Science},
number = {5765},
pages = {1301--1303},
pmid = {16513986},
title = {Altruistic helping in human infants and young chimpanzees},
volume = {311},
year = {2006}
}

@article{Watts2001,
author = {Watts, David P. and Mitani, John C.},
doi = {10.1163/15685390152032488},
issn = {00057959},
journal = {Behaviour},
number = {3},
pages = {299--327},
title = {Boundary patrols and intergroup encounters in wild chimpanzees},
volume = {138},
year = {2001}
}

@article{Waytz2019,
title = {Ideological differences in the expanse of the moral circle},
author = {Waytz, Adam and Iyer, Ravi and Young, Liane and Haidt, Jonathan and Graham, Jesse},
journal = {Nature Communications},
volume = {10},
pages = {4389},
year = {2019},
publisher = {Nature Publishing Group},
doi = {10.1038/s41467-019-12227-0}
}

@book{Weeden2014,
address = {Princeton, N.J.},
author = {Weeden, Jason and Kurzban, Robert},
publisher = {Princeton University Press},
title = {The Hidden Agenda of the Political Mind: How Self-Interest Shapes Our Opinions and Why We Won't Admit It},
year = {2014},
doi = {10.1515/9781400851966}
}

@article{Weeden2016,
title = {Do people naturally cluster into liberals and conservatives?},
author = {Weeden, Jason and Kurzban, Robert},
journal = {Evolutionary Psychological Science},
volume = {2},
number = {1},
pages = {47--57},
year = {2016},
publisher = {Springer},
doi = {10.1007/s40806-015-0036-2}
}

@article{Weeden2017,
title = {Self-interest is often a major determinant of issue attitudes},
author = {Weeden, Jason and Kurzban, Robert},
journal = {Political Psychology},
volume = {38},
number = {S1},
pages = {67--90},
year = {2017},
publisher = {Wiley Online Library},
doi = {10.1111/pops.12392}
}

@book{Westermarck1891,
address = {London},
author = {Westermarck, E.},
publisher = {Macmillan {\&} Co},
title = {The history of human marriage},
year = {1891}
}

@article{Wolf2007,
archivePrefix = {arXiv},
arxivId = {NIHMS150003},
author = {Wolf, Max and {van Doorn}, G. Sander and Leimar, Olof and Weissing, Franz J.},
doi = {10.1038/nature05835},
eprint = {NIHMS150003},
isbn = {0028-0836},
issn = {14764687},
journal = {Nature},
number = {7144},
pages = {581--584},
pmid = {17538618},
title = {Life-history trade-offs favour the evolution of animal personalities},
volume = {447},
year = {2007}
}

@article{Wu2012,
author = {Wu, Bao-Pei and Chang, Lei},
doi = {10.1016/j.paid.2012.02.023},
issn = {01918869},
journal = {Personality and Individual Differences},
keywords = {Conformity,Pathogen threat,Social influence},
number = {1},
pages = {50--54},
publisher = {Elsevier Ltd},
title = {The social impact of pathogen threat: how disease salience influences conformity},
url = {http://dx.doi.org/10.1016/j.paid.2012.02.023},
volume = {53},
year = {2012}
}

@article{Yamagishi2013,
author = {Yamagishi, Toshio and Mifune, Nobuhiro and Li, Yang and Shinada, Mizuho and Hashimoto, Hirofumi and Horita, Yutaka and Miura, Arisa and Inukai, Keigo and Tanida, Shigehito and Kiyonari, Toko and Takagishi, Haruto and Simunovic, Dora},
doi = {10.1016/j.obhdp.2012.06.002},
isbn = {0749-5978},
issn = {07495978},
journal = {Organizational Behavior and Human Decision Processes},
keywords = {Dictator game,Expectation,Faith game,Prisoner's dilemma game,Pro-self,Pro-social,Social dilemma,Social preference,Social value orientation,Trust game},
number = {2},
pages = {260--271},
title = {Is behavioral pro-sociality game-specific? Pro-social preference and expectations of pro-sociality},
volume = {120},
year = {2013}
}

@article{Yarkoni2020,
title = {The generalizability crisis},
doi = {10.1017/S0140525X20001685},
journal = {Behavioral and Brain Sciences},
publisher = {Cambridge University Press},
author = {Yarkoni, Tal},
year = {2020},
pages = {1-37}
}

@book{Zaller1992,
address = {Cambridge, UK},
author = {Zaller, John R},
isbn = {0521407869},
publisher = {Cambridge University Press},
title = {The Nature and Origins of Mass Opinion},
year = {1992},
doi = {10.1017/CBO9780511818691}
}

@article{Zmigrod2020,
author = {Zmigrod, L. and Rentfrow, P. J. and Robbins, T. W.},
year = {2020},
title = {The partisan mind: Is extreme political partisanship related to cognitive inflexibility?},
journal = {Journal of Experimental Psychology: General},
volume = {149},
number = {3},
pages = {407--418},
doi = {10.1037/xge0000661}
}